obsCount, time1, time2, sat, SNR, LLI, code,P
22,1553680990,0.789000,24,156,0,1,18716100.666116,33,108,0,1,18943362.240982,13,168,0,1,18150895.285567,28,144,0,1,18447398.845468,15,172,0,1,17707907.199067,20,148,0,1,19931409.615803,17,168,0,1,19557426.111925,43,176,0,1,16020040.228988,34,172,0,1,16779217.208169,44,164,0,1,17089218.954522,42,136,0,1,19062169.150289,52,112,0,1,18409963.379083,10,148,0,1,20657274.160318,35,144,0,1,19396971.805302,11,96,0,1,20724864.542395,71,76,0,12,21602203.841602,18,84,0,1,20958484.305697,53,124,0,1,19913880.043711,62,144,0,12,22754778.281302,67,156,0,12,19129148.897309,66,140,0,12,23229834.318839,61,152,0,12,20875745.815181,
1,1553680990,0.789000,84,160,0,12,19940172.458818,
22,1553680990,0.989000,24,156,0,1,18715999.245450,33,108,0,1,18943525.644821,13,168,0,1,18150997.194839,28,144,0,1,18447478.592963,15,172,0,1,17707946.113052,20,148,0,1,19931430.939969,17,168,0,1,19557340.239404,43,176,0,1,16020068.672843,34,172,0,1,16779223.682199,44,164,0,1,17089127.602632,42,136,0,1,19062314.301200,52,112,0,1,18409933.626461,10,148,0,1,20657217.586713,35,144,0,1,19396841.434725,11,100,0,1,20724857.841512,71,76,0,12,21602180.597912,18,84,0,1,20958455.582639,53,124,0,1,19913729.448331,62,144,0,12,22754893.435289,67,156,0,12,19129172.612155,66,140,0,12,23229755.007599,61,152,0,12,20875685.053523,
1,1553680990,0.989000,84,160,0,12,19940221.284528,
22,1553680991,0.189000,24,156,0,1,18715897.702633,33,104,0,1,18943688.525153,13,168,0,1,18151099.278613,28,144,0,1,18447558.410259,15,172,0,1,17707984.939787,20,148,0,1,19931452.211784,17,168,0,1,19557254.401783,43,176,0,1,16020097.221399,34,172,0,1,16779230.191131,44,164,0,1,17089036.198392,42,136,0,1,19062459.487012,52,112,0,1,18409902.914078,10,148,0,1,20657160.978206,35,144,0,1,19396711.081599,11,100,0,1,20724851.751386,71,76,0,12,21602158.872391,18,84,0,1,20958425.620615,53,124,0,1,19913581.418134,62,144,0,12,22755008.659077,67,156,0,12,19129196.204849,66,140,0,12,23229675.626559,61,152,0,12,20875624.588518,
1,1553680991,0.189000,84,160,0,12,19940270.319639,
22,1553680991,0.389000,24,156,0,1,18715796.229617,33,104,0,1,18943851.265884,13,168,0,1,18151201.257685,28,144,0,1,18447638.070503,15,172,0,1,17708023.626920,20,148,0,1,19931473.675552,17,164,0,1,19557168.616512,43,176,0,1,16020125.874657,34,172,0,1,16779236.752413,44,164,0,1,17088944.584748,42,136,0,1,19062604.515772,52,112,0,1,18409870.439223,10,148,0,1,20657104.334799,35,144,0,1,19396580.780823,11,100,0,1,20724844.980701,71,76,0,12,21602136.134757,18,84,0,1,20958395.937795,53,124,0,1,19913430.508651,62,144,0,12,22755124.022466,67,156,0,12,19129220.041846,66,140,0,12,23229596.367670,61,152,0,12,20875564.245665,
1,1553680991,0.389000,84,160,0,12,19940319.040647,
22,1553680991,0.589000,24,156,0,1,18715694.669350,33,104,0,1,18944014.320719,13,168,0,1,18151303.341459,28,144,0,1,18447717.748197,15,172,0,1,17708062.558355,20,148,0,1,19931495.017168,17,160,0,1,19557082.970844,43,176,0,1,16020154.510464,34,172,0,1,16779243.313694,44,164,0,1,17088853.093257,42,136,0,1,19062749.753934,52,112,0,1,18409838.906679,10,148,0,1,20657047.796094,35,144,0,1,19396450.392796,11,104,0,1,20724838.192566,71,80,0,12,21602114.007881,18,84,0,1,20958365.277762,53,120,0,1,19913280.471679,62,144,0,12,22755239.473107,67,156,0,12,19129243.948645,66,140,0,12,23229516.777227,61,152,0,12,20875503.990063,
1,1553680991,0.589000,84,160,0,12,19940367.691854,
22,1553680991,0.789000,24,156,0,1,18715593.213784,33,104,0,1,18944178.597068,13,168,0,1,18151405.495033,28,132,0,1,18447797.390991,15,172,0,1,17708101.419990,20,148,0,1,19931516.585638,17,160,0,1,19556997.290275,43,176,0,1,16020183.163722,34,172,0,1,16779249.805175,44,164,0,1,17088761.776267,42,136,0,1,19062894.904845,52,112,0,1,18409807.583539,10,148,0,1,20656991.396990,35,144,0,1,19396320.092020,11,104,0,1,20724830.357419,71,80,0,12,21602091.881005,18,84,0,1,20958334.949284,53,120,0,1,19913133.104590,62,144,0,12,22755354.766696,67,156,0,12,19129267.960144,66,140,0,12,23229437.378736,61,152,0,12,20875443.402907,
1,1553680991,0.789000,84,160,0,12,19940416.657165,
22,1553680991,0.989000,24,156,0,1,18715491.758218,33,104,0,1,18944341.948557,13,168,0,1,18151507.491556,28,132,0,1,18447877.086136,15,172,0,1,17708140.351426,20,148,0,1,19931537.997055,17,164,0,1,19556911.400303,43,176,0,1,16020211.712278,34,172,0,1,16779256.331557,44,164,0,1,17088670.319676,42,136,0,1,19063040.073206,52,108,0,1,18409776.853705,10,148,0,1,20656934.823384,35,144,0,1,19396189.651643,11,104,0,1,20724822.801474,71,84,0,12,21602068.584964,18,84,0,1,20958305.947022,53,124,0,1,19912985.056943,62,144,0,12,22755469.990483,67,156,0,12,19129291.936744,66,140,0,12,23229358.207098,61,152,0,12,20875382.972803,
1,1553680991,0.989000,84,160,0,12,19940465.465424,
22,1553680992,0.189000,24,156,0,1,18715390.232851,33,104,0,1,18944505.771201,13,168,0,1,18151609.435728,28,132,0,1,18447956.816181,15,172,0,1,17708179.125810,20,148,0,1,19931559.513173,17,164,0,1,19556825.754634,43,176,0,1,16020240.487687,34,172,0,1,16779262.735787,44,164,0,1,17088579.002687,42,136,0,1,19063185.276468,52,108,0,1,18409744.186898,10,148,0,1,20656878.302129,35,144,0,1,19396059.315966,11,104,0,1,20724815.926089,71,84,0,12,21602045.829880,18,84,0,1,20958276.316552,53,124,0,1,19912835.787781,62,140,0,12,22755585.284072,67,156,0,12,19129315.372386,66,140,0,12,23229278.948209,61,152,0,12,20875322.595050,
1,1553680992,0.189000,84,160,0,12,19940514.605238,
22,1553680992,0.389000,24,160,0,1,18715288.637684,33,104,0,1,18944668.895836,13,168,0,1,18151711.484602,28,132,0,1,18448036.616026,15,172,0,1,17708218.022345,20,148,0,1,19931581.011841,17,164,0,1,19556739.864662,43,176,0,1,16020269.193295,34,172,0,1,16779269.349419,44,164,0,1,17088487.563546,42,136,0,1,19063330.497180,52,108,0,1,18409714.050371,10,148,0,1,20656821.745973,35,144,0,1,19395928.875589,11,104,0,1,20724808.876201,71,84,0,12,21602022.813043,18,80,0,1,20958247.035087,53,124,0,1,19912687.356228,62,140,0,12,22755700.420609,67,156,0,12,19129339.017431,66,140,0,12,23229199.811472,61,152,0,12,20875261.990444,
1,1553680992,0.389000,84,160,0,12,19940563.448397,
22,1553680992,0.589000,24,156,0,1,18715187.147217,33,104,0,1,18944832.456727,13,168,0,1,18151813.585826,28,132,0,1,18448116.363521,15,172,0,1,17708256.918881,20,148,0,1,19931602.388358,17,164,0,1,19556654.027041,43,176,0,1,16020297.794202,34,172,0,1,16779275.736199,44,164,0,1,17088396.298907,42,132,0,1,19063475.578290,52,104,0,1,18409685.135361,10,148,0,1,20656765.172367,35,144,0,1,19395798.470112,11,100,0,1,20724801.843763,71,84,0,12,21601999.935808,18,84,0,1,20958217.090513,53,124,0,1,19912539.797187,62,140,0,12,22755815.644396,67,156,0,12,19129362.784628,66,140,0,12,23229120.255929,61,152,0,12,20875201.507989,
1,1553680992,0.589000,84,160,0,12,19940612.239206,
22,1553680992,0.789000,24,156,0,1,18715085.447348,33,104,0,1,18944996.785428,13,168,0,1,18151915.756850,28,132,0,1,18448196.111016,15,172,0,1,17708295.675814,20,148,0,1,19931623.695074,17,164,0,1,19556568.363923,43,176,0,1,16020326.447460,34,172,0,1,16779282.471983,44,164,0,1,17088304.947017,42,132,0,1,19063620.816453,52,104,0,1,18409654.475328,10,148,0,1,20656708.738363,35,144,0,1,19395668.221686,11,100,0,1,20724795.247581,71,88,0,12,21601977.355226,18,84,0,1,20958186.831835,53,124,0,1,19912390.737427,62,144,0,12,22755930.955435,67,156,0,12,19129386.708876,66,140,0,12,23229040.839988,61,152,0,12,20875141.165136,
1,1553680992,0.789000,84,160,0,12,19940661.134716,
22,1553680992,0.989000,24,156,0,1,18714983.869631,33,104,0,1,18945160.224167,13,168,0,1,18152017.718473,28,132,0,1,18448275.649109,15,172,0,1,17708334.450198,20,148,0,1,19931645.176292,17,164,0,1,19556482.665903,43,176,0,1,16020355.135618,34,172,0,1,16779289.050715,44,164,0,1,17088213.490426,42,132,0,1,19063765.880113,52,104,0,1,18409624.565655,10,148,0,1,20656652.234558,35,144,0,1,19395538.008162,11,100,0,1,20724788.616498,71,88,0,12,21601954.373289,18,84,0,1,20958156.765110,53,124,0,1,19912240.665555,62,144,0,12,22756046.598028,67,156,0,12,19129410.929778,66,140,0,12,23228961.773052,61,148,0,12,20875080.630331,
1,1553680992,0.989000,84,160,0,12,19940710.030226,
22,1553680993,0.189000,24,156,0,1,18714882.309364,33,104,0,1,18945324.378365,13,168,0,1,18152119.819697,28,136,0,1,18448355.396604,15,172,0,1,17708373.416534,20,148,0,1,19931666.535359,17,164,0,1,19556396.915533,43,176,0,1,16020383.788875,34,172,0,1,16779295.681798,44,164,0,1,17088122.016385,42,132,0,1,19063911.083375,52,100,0,1,18409594.080125,10,148,0,1,20656595.660952,35,140,0,1,19395407.707386,11,100,0,1,20724780.955852,71,88,0,12,21601933.659881,18,84,0,1,20958127.413844,53,124,0,1,19912093.403167,62,144,0,12,22756161.996318,67,156,0,12,19129434.784226,66,140,0,12,23228882.461812,61,148,0,12,20875019.938474,
1,1553680993,0.189000,84,160,0,12,19940758.908286,
22,1553680993,0.389000,24,156,0,1,18714780.975949,33,104,0,1,18945487.555351,13,164,0,1,18152221.851120,28,136,0,1,18448435.353502,15,172,0,1,17708412.470122,20,148,0,1,19931688.068927,17,164,0,1,19556311.182613,43,176,0,1,16020412.407232,34,172,0,1,16779302.173279,44,164,0,1,17088030.594694,42,132,0,1,19064056.338987,52,100,0,1,18409564.659057,10,148,0,1,20656539.279299,35,140,0,1,19395277.319359,11,100,0,1,20724775.057679,71,88,0,12,21601911.533005,18,84,0,1,20958098.306881,53,124,0,1,19911945.425321,62,144,0,12,22756277.080504,67,152,0,12,19129458.638674,66,140,0,12,23228803.028421,61,148,0,12,20874959.333867,
1,1553680993,0.389000,84,160,0,12,19940807.925948,
22,1553680993,0.589000,24,156,0,1,18714679.363331,33,104,0,1,18945651.535047,13,164,0,1,18152323.934894,28,136,0,1,18448515.048646,15,172,0,1,17708451.261956,20,148,0,1,19931709.462894,17,164,0,1,19556225.536945,43,176,0,1,16020440.903438,34,172,0,1,16779308.769461,44,164,0,1,17087939.225354,42,132,0,1,19064201.489898,52,100,0,1,18409535.988350,10,148,0,1,20656482.792944,35,140,0,1,19395146.966232,11,100,0,1,20724768.269544,71,88,0,12,21601889.336328,18,84,0,1,20958068.013303,53,124,0,1,19911797.726678,62,144,0,12,22756392.321742,67,152,0,12,19129482.632723,66,140,0,12,23228723.699731,61,148,0,12,20874898.572209,
1,1553680993,0.589000,84,160,0,12,19940856.804008,
22,1553680993,0.789000,24,156,0,1,18714577.820514,33,104,0,1,18945814.205977,13,164,0,1,18152425.913966,28,136,0,1,18448594.935743,15,172,0,1,17708490.018889,20,148,0,1,19931730.944112,17,164,0,1,19556139.769125,43,176,0,1,16020469.469444,34,172,0,1,16779315.226042,44,164,0,1,17087847.768763,42,132,0,1,19064346.605909,52,100,0,1,18409507.579395,10,148,0,1,20656426.236788,35,140,0,1,19395016.543305,11,100,0,1,20724760.975353,71,88,0,12,21601865.813434,18,84,0,1,20958038.155980,53,120,0,1,19911647.026597,62,144,0,12,22756507.510629,67,152,0,12,19129506.609322,66,140,0,12,23228644.353591,61,152,0,12,20874838.281707,
1,1553680993,0.789000,84,160,0,12,19940905.612267,
22,1553680993,0.989000,24,156,0,1,18714476.138095,33,104,0,1,18945978.342725,13,164,0,1,18152527.875588,28,136,0,1,18448674.857740,15,172,0,1,17708528.950325,20,148,0,1,19931752.372980,17,164,0,1,19556054.018755,43,176,0,1,16020498.157602,34,172,0,1,16779321.822224,44,160,0,1,17087756.329622,42,132,0,1,19064491.809171,52,96,0,1,18409475.121990,10,148,0,1,20656369.750433,35,140,0,1,19394886.172728,11,100,0,1,20724754.222119,71,92,0,12,21601842.656995,18,84,0,1,20958008.211407,53,124,0,1,19911495.960063,62,140,0,12,22756623.013621,67,152,0,12,19129530.481220,66,140,0,12,23228564.990001,61,152,0,12,20874778.061005,
1,1553680993,0.989000,84,160,0,12,19940954.821881,
22,1553680994,0.189000,24,156,0,1,18714374.699980,33,104,0,1,18946141.746564,13,164,0,1,18152629.976812,28,136,0,1,18448754.587785,15,172,0,1,17708567.969012,20,148,0,1,19931773.854198,17,164,0,1,19555968.285835,43,176,0,1,16020526.810860,34,176,0,1,16779328.435857,44,160,0,1,17087664.925381,42,132,0,1,19064636.977532,52,96,0,1,18409443.676698,10,148,0,1,20656313.333879,35,140,0,1,19394755.837052,11,96,0,1,20724747.381633,71,92,0,12,21601819.273703,18,84,0,1,20957978.546036,53,124,0,1,19911345.364683,62,140,0,12,22756738.342110,67,152,0,12,19129554.318217,66,140,0,12,23228485.905614,61,152,0,12,20874717.735603,
1,1553680994,0.189000,84,160,0,12,19941003.560339,
22,1553680994,0.389000,24,156,0,1,18714273.157163,33,104,0,1,18946304.923550,13,164,0,1,18152732.025686,28,136,0,1,18448834.474882,15,172,0,1,17708607.022599,20,148,0,1,19931795.422667,17,164,0,1,19555882.448214,43,176,0,1,16020555.429217,34,176,0,1,16779334.892437,44,160,0,1,17087573.573491,42,132,0,1,19064782.128443,52,96,0,1,18409414.185830,10,148,0,1,20656256.882425,35,140,0,1,19394625.623527,11,96,0,1,20724740.227044,71,92,0,12,21601796.396468,18,80,0,1,20957948.357160,53,124,0,1,19911196.880781,62,140,0,12,22756853.408845,67,152,0,12,19129578.067964,66,140,0,12,23228406.681625,61,152,0,12,20874657.078646,
1,1553680994,0.389000,84,160,0,12,19941052.578000,
22,1553680994,0.589000,24,152,0,1,18714171.649246,33,104,0,1,18946468.292489,13,164,0,1,18152834.022208,28,136,0,1,18448914.222377,15,172,0,1,17708645.954035,20,148,0,1,19931816.921335,17,164,0,1,19555796.802545,43,176,0,1,16020584.117375,34,176,0,1,16779341.558420,44,160,0,1,17087482.047099,42,132,0,1,19064927.384056,52,96,0,1,18409383.682849,10,148,0,1,20656200.430971,35,140,0,1,19394495.427452,11,96,0,1,20724732.758351,71,92,0,12,21601774.042739,18,80,0,1,20957917.993781,53,124,0,1,19911050.159350,62,140,0,12,22756968.370880,67,152,0,12,19129602.027113,66,136,0,12,23228327.300585,61,152,0,12,20874596.788144,
1,1553680994,0.589000,84,160,0,12,19941101.386259,
22,1553680994,0.789000,24,156,0,1,18714070.106429,33,104,0,1,18946632.848042,13,168,0,1,18152936.245584,28,136,0,1,18448993.934971,15,172,0,1,17708684.850570,20,148,0,1,19931838.367653,17,164,0,1,19555711.174327,43,176,0,1,16020612.892784,34,180,0,1,16779348.241854,44,160,0,1,17087390.765010,42,132,0,1,19065072.465166,52,92,0,1,18409353.389271,10,148,0,1,20656144.014417,35,140,0,1,19394365.004525,11,96,0,1,20724726.598424,71,96,0,12,21601751.758811,18,80,0,1,20957888.659965,53,124,0,1,19910902.931863,62,136,0,12,22757083.943672,67,152,0,12,19129626.108413,66,140,0,12,23228248.076596,61,152,0,12,20874536.549992,
1,1553680994,0.789000,84,160,0,12,19941150.246869,
22,1553680994,0.989000,24,156,0,1,18713968.650863,33,104,0,1,18946796.478734,13,168,0,1,18153038.189756,28,136,0,1,18449073.822068,15,172,0,1,17708723.851807,20,148,0,1,19931859.726719,17,164,0,1,19555625.546108,43,176,0,1,16020641.511141,34,180,0,1,16779354.907837,44,160,0,1,17087299.430571,42,132,0,1,19065217.441575,52,92,0,1,18409323.270195,10,148,0,1,20656087.405910,35,136,0,1,19394234.773550,11,96,0,1,20724719.094830,71,96,0,12,21601730.120541,18,80,0,1,20957858.628140,53,124,0,1,19910756.158081,62,136,0,12,22757199.202360,67,152,0,12,19129649.736008,66,140,0,12,23228168.695556,61,152,0,12,20874476.102438,
1,1553680994,0.989000,84,160,0,12,19941199.369232,
22,1553680995,0.189000,24,156,0,1,18713867.160397,33,104,0,1,18946960.091975,13,168,0,1,18153140.290980,28,136,0,1,18449153.796416,15,172,0,1,17708762.940295,20,148,0,1,19931881.103236,17,164,0,1,19555539.917890,43,180,0,1,16020670.181849,34,180,0,1,16779361.608721,44,160,0,1,17087208.043780,42,128,0,1,19065362.400534,52,92,0,1,18409293.151120,10,148,0,1,20656031.006807,35,136,0,1,19394104.560025,11,92,0,1,20724713.144306,71,96,0,12,21601707.225855,18,80,0,1,20957829.399025,53,120,0,1,19910610.501114,62,136,0,12,22757314.513399,67,152,0,12,19129673.346153,66,136,0,12,23228089.384316,61,152,0,12,20874415.846836,
1,1553680995,0.189000,84,160,0,12,19941248.264742,
22,1553680995,0.389000,24,156,0,1,18713765.669930,33,104,0,1,18947123.879719,13,168,0,1,18153242.409654,28,136,0,1,18449233.613712,15,172,0,1,17708801.836830,20,148,0,1,19931902.671705,17,164,0,1,19555454.132619,43,180,0,1,16020698.800206,34,180,0,1,16779368.309604,44,156,0,1,17087116.726791,42,128,0,1,19065507.324592,52,92,0,1,18409262.700490,10,148,0,1,20655974.625153,35,136,0,1,19393974.276700,11,92,0,1,20724706.216570,71,96,0,12,21601684.959377,18,80,0,1,20957799.454452,53,120,0,1,19910459.835934,62,136,0,12,22757429.702286,67,152,0,12,19129697.043548,66,140,0,12,23228010.020726,61,152,0,12,20874355.469082,
1,1553680995,0.389000,84,160,0,12,19941296.950850,
22,1553680995,0.589000,24,156,0,1,18713664.214364,33,104,0,1,18947287.074155,13,168,0,1,18153344.580679,28,136,0,1,18449313.378657,15,172,0,1,17708840.768266,20,148,0,1,19931924.170373,17,164,0,1,19555368.521851,43,180,0,1,16020727.296411,34,180,0,1,16779375.027938,44,156,0,1,17087025.357451,42,128,0,1,19065652.370802,52,92,0,1,18409232.965319,10,148,0,1,20655918.173699,35,136,0,1,19393844.010824,11,92,0,1,20724699.725089,71,96,0,12,21601662.239194,18,80,0,1,20957768.846770,53,120,0,1,19910311.945339,62,136,0,12,22757545.118026,67,152,0,12,19129720.810745,66,140,0,12,23227930.744387,61,152,0,12,20874295.091329,
1,1553680995,0.589000,84,160,0,12,19941345.759109,
22,1553680995,0.789000,24,156,0,1,18713562.636647,33,104,0,1,18947451.053851,13,168,0,1,18153446.559751,28,136,0,1,18449393.353005,15,168,0,1,17708879.839303,20,148,0,1,19931945.686492,17,164,0,1,19555282.928533,43,180,0,1,16020755.984569,34,180,0,1,16779381.868423,44,156,0,1,17086934.057912,42,124,0,1,19065797.417012,52,88,0,1,18409203.038195,10,148,0,1,20655861.757145,35,136,0,1,19393713.727499,11,88,0,1,20724693.582612,71,96,0,12,21601639.868015,18,80,0,1,20957739.844508,53,120,0,1,19910163.339284,62,140,0,12,22757660.376715,67,152,0,12,19129744.455790,66,140,0,12,23227851.415697,61,152,0,12,20874234.521623,
1,1553680995,0.789000,84,160,0,12,19941395.021073,
22,1553680995,0.989000,24,156,0,1,18713461.198531,33,104,0,1,18947614.754344,13,168,0,1,18153548.678426,28,140,0,1,18449473.275003,15,172,0,1,17708918.875440,20,152,0,1,19931967.307312,17,164,0,1,19555197.335215,43,180,0,1,16020784.829779,34,180,0,1,16779388.586757,44,156,0,1,17086842.845623,42,100,0,1,19065943.073979,52,92,0,1,18409173.372825,10,148,0,1,20655805.410392,35,136,0,1,19393583.409273,11,88,0,1,20724686.515274,71,92,0,12,21601618.910303,18,80,0,1,20957710.004636,53,120,0,1,19910014.314425,62,140,0,12,22757775.792455,67,152,0,12,19129767.943783,66,140,0,12,23227772.087007,61,152,0,12,20874174.178770,
1,1553680995,0.989000,84,160,0,12,19941443.550129,
22,1553680996,0.189000,24,156,0,1,18713359.690615,33,104,1,1,18947777.617226,13,168,0,1,18153650.814550,28,136,0,1,18449552.935247,15,176,0,1,17708957.824326,20,148,0,1,19931988.771079,17,168,0,1,19555111.741897,43,180,0,1,16020813.535387,34,176,0,1,16779395.182939,44,156,0,1,17086751.423933,42,100,0,1,19066087.998038,52,92,0,1,18409143.707455,10,148,0,1,20655749.133440,35,140,0,1,19393453.143397,11,88,0,1,20724678.680126,71,96,0,12,21601596.347172,18,80,0,1,20957680.740621,53,116,0,1,19909864.539206,62,140,0,12,22757891.225645,67,152,0,12,19129791.606278,66,140,0,12,23227692.828118,61,152,0,12,20874113.853368,
1,1553680996,0.189000,84,160,0,12,19941492.637591,
22,1553680996,0.389000,24,164,0,1,18713258.200148,33,104,0,1,18947940.986165,13,168,0,1,18153752.793622,28,136,0,1,18449632.874694,15,180,0,1,17708996.685961,20,148,0,1,19932010.269748,17,168,0,1,19555026.218380,43,180,0,1,16020842.380597,34,176,0,1,16779401.901273,44,156,0,1,17086660.124393,42,104,0,1,19066232.782494,52,92,0,1,18409114.705193,10,148,0,1,20655692.821587,35,124,0,1,19393322.807721,11,88,0,1,20724671.560437,71,92,0,12,21601574.761252,18,80,0,1,20957650.481943,53,116,0,1,19909716.526459,62,140,0,12,22758006.431983,67,152,0,12,19129815.774830,66,140,0,12,23227613.586679,61,152,0,12,20874053.126610,
1,1553680996,0.389000,84,160,0,12,19941541.498201,
22,1553680996,0.589000,24,164,0,1,18713156.692232,33,104,0,1,18948104.704107,13,168,0,1,18153854.947197,28,136,0,1,18449712.709440,15,176,0,1,17709035.879150,20,148,0,1,19932031.803316,17,168,0,1,19554940.485460,43,184,0,1,16020871.068755,34,176,0,1,16779408.654508,44,156,0,1,17086568.877205,42,124,0,1,19066377.549501,52,92,0,1,18409085.266676,10,148,0,1,20655636.300332,35,128,0,1,19393192.454594,11,88,0,1,20724665.557562,71,92,0,12,21601552.512225,18,84,0,1,20957620.101114,53,112,0,1,19909567.222396,62,140,0,12,22758121.900073,67,152,0,12,19129839.716529,66,140,0,12,23227534.275440,61,152,0,12,20873992.452203,
1,1553680996,0.589000,84,160,0,12,19941590.725265,
22,1553680996,0.789000,24,160,0,1,18713055.079614,33,104,0,1,18948268.840855,13,168,0,1,18153957.188023,28,120,0,1,18449793.329446,15,176,0,1,17709075.002538,20,148,0,1,19932053.476487,17,168,0,1,19554855.014294,43,184,0,1,16020899.913965,34,176,0,1,16779415.425192,44,156,0,1,17086477.420614,42,136,0,1,19066522.927265,52,88,0,1,18409054.868396,10,148,0,1,20655579.866327,35,128,0,1,19393062.171269,11,88,0,1,20724658.629826,71,92,0,12,21601530.263197,18,84,0,1,20957590.156540,53,112,0,1,19909417.394827,62,140,0,12,22758237.054060,67,152,0,12,19129863.693128,66,140,0,12,23227455.243403,61,152,0,12,20873932.161701,
1,1553680996,0.789000,84,160,0,12,19941639.708026,
22,1553680996,0.989000,24,160,0,1,18712953.763650,33,104,0,1,18948433.483660,13,168,0,1,18154059.306697,28,132,0,1,18449874.228656,15,176,0,1,17709114.003775,20,148,0,1,19932075.079856,17,164,0,1,19554769.333725,43,184,0,1,16020928.671924,34,176,0,1,16779422.073725,44,156,0,1,17086386.173425,42,140,3,1,19066667.118414,52,92,0,1,18409024.295615,10,148,0,1,20655523.467224,35,132,0,1,19392932.079895,11,92,0,1,20724651.579938,71,92,0,12,21601507.438312,18,88,0,1,20957560.107265,53,112,0,1,19909269.451881,62,136,0,12,22758352.138246,67,152,0,12,19129887.861679,66,136,0,12,23227376.089216,61,152,0,12,20873871.591995,
1,1553680996,0.989000,84,152,0,12,19941688.743138,
22,1553680997,0.189000,24,164,0,1,18712852.325534,33,104,0,1,18948597.533157,13,168,0,1,18154161.495172,28,136,0,1,18449952.929138,15,180,0,1,17709153.022462,20,148,0,1,19932096.561074,17,164,0,1,19554683.688056,43,184,0,1,16020957.464783,34,176,0,1,16779428.879310,44,156,0,1,17086294.856436,42,148,2,1,19066810.018247,52,120,0,1,18408993.146976,10,148,0,1,20655467.033220,35,140,0,1,19392801.901271,11,92,0,1,20724644.058894,71,92,0,12,21601482.798605,18,88,0,1,20957529.604285,53,112,0,1,19909119.938415,62,136,0,12,22758467.274783,67,152,0,12,19129911.785928,66,136,0,12,23227296.917578,61,152,0,12,20873811.214241,
1,1553680997,0.189000,84,152,0,12,19941737.813151,
22,1553680997,0.389000,24,164,0,1,18712750.992119,33,100,0,1,18948760.849745,13,168,0,1,18154263.578946,28,136,0,1,18450031.996074,15,180,0,1,17709192.006248,20,148,0,1,19932118.234245,17,164,0,1,19554598.024937,43,184,0,1,16020986.135491,34,176,0,1,16779435.615094,44,156,0,1,17086203.504546,42,120,2,1,19066952.534175,52,124,0,1,18408962.277541,10,148,0,1,20655410.756267,35,140,0,1,19392671.635396,11,96,0,1,20724637.689565,71,92,0,12,21601459.467664,18,88,0,1,20957498.787200,53,116,0,1,19908971.175309,62,136,0,12,22758582.376419,67,152,0,12,19129935.675276,66,136,0,12,23227217.902992,61,152,0,12,20873750.819038,
1,1553680997,0.389000,84,144,0,12,19941786.516708,
22,1553680997,0.589000,24,164,0,1,18712649.519103,33,100,0,1,18948924.969043,13,168,0,1,18154365.697620,28,140,0,1,18450110.958309,15,180,0,1,17709230.955134,20,152,0,1,19932139.715463,17,164,0,1,19554512.466520,43,180,0,1,16021014.823649,34,176,0,1,16779442.385778,44,156,0,1,17086111.978154,42,136,2,1,19067094.456796,52,124,0,1,18408930.814798,10,148,0,1,20655354.357164,35,140,0,1,19392541.369520,11,96,0,1,20724630.796729,71,92,0,12,21601435.735368,18,88,0,1,20957467.760713,53,120,0,1,19908822.988060,62,140,0,12,22758697.530406,67,152,0,12,19129959.372672,66,140,0,12,23227138.748804,61,152,0,12,20873689.987579,
1,1553680997,0.589000,84,144,0,12,19941835.499469,
22,1553680997,0.789000,24,164,0,1,18712548.185689,33,100,0,1,18949088.564834,13,168,0,1,18154467.729043,28,148,0,1,18450192.538077,15,176,0,1,17709269.904020,20,152,0,1,19932161.161780,17,164,0,1,19554426.838301,43,184,0,1,16021043.511807,34,176,0,1,16779449.086662,44,148,0,1,17086020.626264,42,144,2,1,19067237.792884,52,128,3,1,18408899.509108,10,148,0,1,20655297.923159,35,136,0,1,19392411.068744,11,100,0,1,20724624.252897,71,92,0,12,21601413.503790,18,88,0,1,20957438.758451,53,120,0,1,19908673.614196,62,140,0,12,22758812.876345,67,152,0,12,19129983.506323,66,140,0,12,23227059.734218,61,152,0,12,20873629.417873,
1,1553680997,0.789000,84,148,0,12,19941884.464780,
22,1553680997,0.989000,24,160,0,1,18712446.642872,33,100,0,1,18949251.933772,13,168,0,1,18154569.812817,28,148,0,1,18450273.856092,15,176,0,1,17709308.870357,20,152,0,1,19932182.747700,17,164,0,1,19554341.244983,43,176,0,1,16021072.374467,34,176,0,1,16779456.049299,44,148,0,1,17085929.274374,42,144,2,1,19067381.268575,52,128,2,1,18408870.122941,10,148,0,1,20655241.489155,35,136,0,1,19392280.750518,11,100,0,1,20724616.993606,71,92,0,12,21601391.289663,18,88,0,1,20957409.721289,53,120,0,1,19908525.479298,62,140,0,12,22758928.169934,67,152,0,12,19130007.360770,66,140,0,12,23226980.562581,61,160,0,12,20873569.354224,
1,1553680997,0.989000,84,148,0,12,19941933.482442,
22,1553680998,0.189000,24,160,0,1,18712345.344358,33,96,0,1,18949414.866455,13,168,0,1,18154672.071093,28,136,0,1,18450354.929804,15,176,0,1,17709347.836693,20,148,0,1,19932204.211468,17,164,0,1,19554255.529514,43,176,0,1,16021101.149876,34,176,0,1,16779462.819983,44,148,0,1,17085837.905034,42,136,2,1,19067525.145620,52,128,2,1,18408841.120679,10,148,0,1,20655185.194753,35,132,0,1,19392150.502093,11,100,0,1,20724609.664515,71,92,0,12,21601367.819120,18,88,0,1,20957379.724364,53,120,0,1,19908378.565914,62,140,0,12,22759043.480973,67,152,0,12,19130031.162867,66,140,0,12,23226901.565445,61,160,0,12,20873509.133522,
1,1553680998,0.189000,84,144,0,12,19941982.151099,
22,1553680998,0.389000,24,160,0,1,18712243.853892,33,96,0,1,18949577.554835,13,168,0,1,18154774.224668,28,136,0,1,18450438.202243,15,176,0,1,17709387.047332,20,148,0,1,19932225.867188,17,164,0,1,19554169.831494,43,176,0,1,16021129.942735,34,176,0,1,16779469.660469,44,148,0,1,17085746.535694,42,136,2,1,19067670.069678,52,140,2,1,18408809.762638,10,148,0,1,20655128.656047,35,136,0,1,19392020.340919,11,100,0,1,20724603.015982,71,92,0,12,21601344.906984,18,88,0,1,20957349.465687,53,124,0,1,19908230.029661,62,140,0,12,22759158.983964,67,152,0,12,19130055.348869,66,140,0,12,23226821.905201,61,156,0,12,20873448.912821,
1,1553680998,0.389000,84,144,0,12,19942030.697605,
22,1553680998,0.589000,24,160,0,1,18712142.293624,33,96,0,1,18949740.609670,13,168,0,1,18154876.273541,28,136,0,1,18450517.356430,15,176,0,1,17709426.153270,20,148,0,1,19932247.488008,17,168,0,1,19554084.203276,43,176,0,1,16021158.770495,34,180,0,1,16779476.343902,44,148,0,1,17085655.218704,42,136,2,1,19067816.040750,52,140,2,1,18408778.090493,10,148,0,1,20655072.344195,35,136,0,1,19391890.092494,11,104,0,1,20724596.175497,71,92,0,12,21601321.523693,18,88,0,1,20957319.259360,53,124,0,1,19908083.081377,62,136,0,12,22759274.469505,67,152,0,12,19130079.325468,66,140,0,12,23226742.576511,61,156,0,12,20873388.412916,
1,1553680998,0.589000,84,144,0,12,19942079.994470,
22,1553680998,0.789000,24,160,0,1,18712040.785708,33,96,0,1,18949903.332950,13,168,0,1,18154978.270064,28,136,0,1,18450598.639545,15,176,0,1,17709465.206857,20,148,0,1,19932269.213529,17,168,0,1,19553998.714659,43,176,0,1,16021187.545904,34,180,0,1,16779483.254188,44,156,0,1,17085563.814464,42,140,2,1,19067963.093735,52,124,2,1,18408749.402335,10,148,0,1,20655015.910191,35,136,0,1,19391759.791718,11,100,0,1,20724590.155171,71,92,0,12,21601298.332353,18,88,0,1,20957289.977895,53,124,0,1,19907934.422972,62,136,0,12,22759389.920145,67,152,0,12,19130103.336968,66,140,0,12,23226663.265271,61,156,0,12,20873328.052613,
1,1553680998,0.789000,84,144,0,12,19942129.047032,
22,1553680998,0.989000,24,160,0,1,18711939.242891,33,96,0,1,18950066.824040,13,168,0,1,18155080.633041,28,136,0,1,18450677.200425,15,176,0,1,17709504.260445,20,148,0,1,19932290.590045,17,164,0,1,19553913.051540,43,176,0,1,16021216.303863,34,180,0,1,16779490.059773,44,160,0,1,17085472.462574,42,140,2,1,19068107.337234,52,124,2,1,18408721.115532,10,148,0,1,20654959.493637,35,136,0,1,19391629.578193,11,100,0,1,20724583.524089,71,92,0,12,21601276.118226,18,88,0,1,20957260.015871,53,100,0,1,19907785.677316,62,136,0,12,22759505.109033,67,152,0,12,19130127.156515,66,140,0,12,23226584.233235,61,156,0,12,20873267.831911,
1,1553680998,0.989000,84,148,0,12,19942178.239196,
22,1553680999,0.189000,24,164,0,1,18711837.961827,33,96,0,1,18950230.437282,13,168,0,1,18155182.838966,28,140,0,1,18450756.529115,15,180,0,1,17709543.366383,20,148,0,1,19932312.228315,17,164,0,1,19553827.510573,43,180,0,1,16021245.096722,34,176,0,1,16779497.074761,44,160,0,1,17085381.197935,42,144,2,1,19068254.250618,52,128,2,1,18408691.868967,10,148,0,1,20654902.972381,35,136,0,1,19391499.382119,11,100,0,1,20724576.264798,71,92,0,12,21601253.729597,18,88,0,1,20957229.652492,53,104,0,1,19907636.373254,62,136,0,12,22759620.297920,67,156,0,12,19130151.133114,66,140,0,12,23226504.904545,61,156,0,12,20873207.227305,
1,1553680999,0.189000,84,148,0,12,19942227.082356,
22,1553680999,0.389000,24,160,0,1,18711736.698213,33,96,0,1,18950393.998173,13,168,0,1,18155285.009991,28,136,0,1,18450835.718203,15,180,0,1,17709582.419970,20,140,0,1,19932333.761884,17,164,0,1,19553742.021956,43,180,0,1,16021273.976833,34,176,0,1,16779503.915246,44,160,0,1,17085289.880946,42,152,2,1,19068401.164001,52,128,2,1,18408659.655865,10,148,0,1,20654846.538377,35,136,0,1,19391369.011542,11,100,0,1,20724569.389412,71,92,0,12,21601230.206703,18,88,0,1,20957200.161624,53,124,0,1,19907487.575247,62,136,0,12,22759735.626409,67,156,0,12,19130174.952662,66,140,0,12,23226425.383903,61,148,0,12,20873146.779751,
1,1553680999,0.389000,84,148,0,12,19942275.890615,
22,1553680999,0.589000,24,160,0,1,18711635.364799,33,96,0,1,18950556.320098,13,168,0,1,18155387.303168,28,136,0,1,18450915.238845,15,176,0,1,17709621.438657,20,140,0,1,19932355.452505,17,164,0,1,19553656.411188,43,180,0,1,16021302.839493,34,176,0,1,16779510.825532,44,160,0,1,17085198.546506,42,160,2,1,19068546.175310,52,128,2,1,18408630.531452,10,148,0,1,20654790.243975,35,136,0,1,19391238.832917,11,96,0,1,20724562.391875,71,92,0,12,21601208.062377,18,88,0,1,20957169.152587,53,124,3,1,19907339.789353,62,136,0,12,22759850.867647,67,156,0,12,19130198.842010,66,140,0,12,23226345.898161,61,148,0,12,20873086.210045,
1,1553680999,0.589000,84,148,0,12,19942324.803575,
22,1553680999,0.789000,24,152,0,1,18711533.891783,33,96,0,1,18950719.723937,13,168,0,1,18155489.561443,28,140,0,1,18450994.567535,15,176,0,1,17709660.596945,20,140,0,1,19932376.986073,17,156,0,1,19553570.957472,43,180,0,1,16021331.667253,34,176,0,1,16779517.683468,44,160,0,1,17085107.194616,42,160,2,1,19068692.582637,52,128,2,1,18408600.709029,10,148,0,1,20654733.967023,35,148,0,1,19391108.636843,11,96,0,1,20724556.580953,71,92,0,12,21601184.836137,18,88,0,1,20957139.382516,53,128,2,1,19907190.781944,62,136,0,12,22759966.126335,67,152,0,12,19130222.748808,66,140,0,12,23226266.464770,61,148,0,12,20873026.076595,
1,1553680999,0.789000,84,148,0,12,19942373.611834,
22,1553680999,0.989000,24,160,0,1,18711432.436217,33,96,0,1,18950882.534469,13,168,0,1,18155591.872070,28,156,0,1,18451072.011601,15,176,0,1,17709699.807585,20,144,0,1,19932398.606893,17,164,0,1,19553485.521206,43,180,0,1,16021360.477562,34,176,0,1,16779524.576304,44,160,0,1,17085015.790376,42,160,2,1,19068837.960401,52,132,2,1,18408572.474577,10,148,0,1,20654677.567919,35,148,0,1,19390978.388418,11,96,0,1,20724551.049233,71,92,0,12,21601161.470295,18,84,0,1,20957109.856747,53,124,2,1,19907042.542344,62,136,0,12,22760081.105820,67,156,0,12,19130246.742857,66,140,0,12,23226187.362933,61,148,0,12,20872965.751192,
1,1553680999,0.989000,84,148,0,12,19942422.821448,
22,1553681000,0.189000,24,160,0,1,18711330.980651,33,96,0,1,18951045.885957,13,168,0,1,18155694.217597,28,160,0,1,18451148.618057,15,176,0,1,17709738.948423,20,144,0,1,19932420.245163,17,164,0,1,19553399.927888,43,180,0,1,16021389.252971,34,176,0,1,16779531.434240,44,156,0,1,17084924.543187,42,160,2,1,19068980.563580,52,144,2,1,18408541.570242,10,148,0,1,20654621.151365,35,136,0,1,19390848.157443,11,96,0,1,20724543.842294,71,96,0,12,21601137.807800,18,84,0,1,20957080.069225,53,124,3,1,19906893.028878,62,136,0,12,22760196.364508,67,156,0,12,19130270.893959,66,140,0,12,23226108.016793,61,148,0,12,20872905.443239,
1,1553681000,0.189000,84,156,0,12,19942471.594806,
22,1553681000,0.389000,24,160,0,1,18711229.682137,33,92,0,1,18951209.028042,13,168,0,1,18155796.510774,28,168,0,1,18451229.046111,15,176,0,1,17709778.141612,20,144,0,1,19932441.726381,17,164,0,1,19553314.509072,43,180,0,1,16021418.063281,34,176,0,1,16779538.414327,44,156,0,1,17084833.313449,42,160,2,1,19069124.754730,52,144,2,1,18408512.655231,10,148,0,1,20654564.839512,35,148,0,1,19390717.943918,11,96,0,1,20724537.804518,71,96,0,12,21601113.866101,18,84,0,1,20957050.805210,53,124,2,1,19906743.253659,62,136,0,12,22760311.588296,67,156,0,12,19130294.905458,66,140,0,12,23226028.775354,61,156,0,12,20872845.048036,
1,1553681000,0.389000,84,156,0,12,19942520.403065,
22,1553681000,0.589000,24,160,0,1,18711128.348722,33,92,0,1,18951371.803674,13,168,0,1,18155898.646898,28,168,0,1,18451309.125160,15,172,0,1,17709817.282450,20,144,0,1,19932463.364651,17,164,0,1,19553229.125156,43,180,0,1,16021446.925941,34,180,0,1,16779545.219912,44,156,0,1,17084742.101161,42,164,2,1,19069270.917753,52,144,2,1,18408481.279739,10,148,0,1,20654508.614911,35,148,0,1,19390587.747843,11,100,0,1,20724531.749293,71,96,0,12,21601090.762013,18,80,0,1,20957020.930438,53,120,2,1,19906593.234137,62,136,0,12,22760426.899335,67,156,0,12,19130318.690105,66,140,0,12,23225949.638617,61,156,0,12,20872784.809884,
1,1553681000,0.589000,84,156,0,12,19942569.507978,
22,1553681000,0.789000,24,156,0,1,18711027.032758,33,92,0,1,18951534.945759,13,168,0,1,18156000.783022,28,168,0,1,18451389.954568,15,176,0,1,17709856.440739,20,144,0,1,19932484.985471,17,164,0,1,19553143.619089,43,180,0,1,16021475.666449,34,176,0,1,16779552.077847,44,156,0,1,17084650.888873,42,160,2,1,19069414.742448,52,152,2,1,18408451.841222,10,148,0,1,20654452.250707,35,148,0,1,19390457.499418,11,100,0,1,20724523.983946,71,100,0,12,21601066.453860,18,80,0,1,20956991.247617,53,120,2,1,19906445.064339,62,136,0,12,22760542.140572,67,156,0,12,19130342.562003,66,140,0,12,23225870.449529,61,156,0,12,20872724.467031,
1,1553681000,0.789000,84,156,0,12,19942618.595441,
22,1553681000,0.989000,24,164,0,1,18710925.612093,33,92,0,1,18951697.267685,13,168,0,1,18156102.831896,28,168,0,1,18451469.702063,15,176,0,1,17709895.581577,20,144,0,1,19932506.658641,17,160,0,1,19553057.990871,43,180,0,1,16021504.511659,34,184,0,1,16779559.023034,44,156,0,1,17084559.536983,42,152,2,1,19069560.469216,52,156,2,1,18408421.512744,10,148,0,1,20654395.921404,35,124,0,1,19390327.373144,11,104,0,1,20724517.352863,71,104,0,12,21601042.250408,18,76,0,1,20956961.931251,53,100,2,1,19906297.313345,62,136,0,12,22760657.312010,67,160,0,12,19130366.782905,66,140,0,12,23225791.295341,61,148,0,12,20872664.141629,
1,1553681000,0.989000,84,160,0,12,19942667.613102,
22,1553681001,0.189000,24,164,0,1,18710824.331029,33,92,0,1,18951859.694311,13,168,0,1,18156204.950570,28,168,0,1,18451548.960952,15,176,0,1,17709934.722416,20,148,0,1,19932528.366712,17,160,0,1,19552972.397553,43,176,0,1,16021533.269618,34,176,0,1,16779565.811168,44,156,0,1,17084468.272344,42,160,2,1,19069704.869768,52,156,2,1,18408391.044663,10,148,0,1,20654339.731703,35,140,0,1,19390197.369022,11,108,3,1,20724509.953971,71,104,0,12,21601016.912692,18,72,0,1,20956932.230981,53,124,2,1,19906149.684503,62,132,0,12,22760770.720975,67,156,0,12,19130390.881656,66,140,0,12,23225712.141153,61,148,0,12,20872603.798776,
1,1553681001,0.189000,84,160,0,12,19942716.718015,
22,1553681001,0.389000,24,156,0,1,18710723.015065,33,92,0,1,18952023.167951,13,168,0,1,18156307.191396,28,168,0,1,18451629.162153,15,176,0,1,17709973.933055,20,152,0,1,19932549.987532,17,164,0,1,19552887.048538,43,176,0,1,16021562.010127,34,176,0,1,16779572.791256,44,156,0,1,17084376.972805,42,164,2,1,19069853.563073,52,156,2,1,18408362.705510,10,148,0,1,20654283.437301,35,140,0,1,19390067.295099,11,108,2,1,20724504.474602,71,108,0,12,21600994.052906,18,76,0,1,20956902.094455,53,124,2,1,19906003.992635,62,132,0,12,22760883.519182,67,156,0,12,19130415.050207,66,140,0,12,23225632.882264,61,148,0,12,20872543.316321,
1,1553681001,0.389000,84,156,0,12,19942765.630975,
22,1553681001,0.589000,24,164,0,1,18710621.699101,33,92,0,1,18952186.885894,13,168,0,1,18156409.502022,28,168,0,1,18451707.600882,15,176,0,1,17710012.969192,20,144,0,1,19932571.538551,17,164,0,1,19552801.542471,43,176,0,1,16021590.802986,34,180,0,1,16779579.858594,44,156,0,1,17084285.568564,42,164,2,1,19070000.389205,52,156,2,1,18408332.464282,10,148,0,1,20654227.160349,35,140,0,1,19389937.256077,11,108,2,1,20724498.820732,71,108,0,12,21600969.779654,18,80,0,1,20956872.184782,53,120,2,1,19905856.660447,62,132,0,12,22761002.773970,67,156,0,12,19130438.904655,66,140,0,12,23225553.693176,61,156,0,12,20872483.113070,
1,1553681001,0.589000,84,156,0,12,19942814.770789,
22,1553681001,0.789000,24,164,0,1,18710520.208634,33,92,0,1,18952349.347421,13,160,0,1,18156511.673047,28,168,0,1,18451787.924234,15,176,0,1,17710052.110031,20,148,0,1,19932593.037219,17,164,0,1,19552716.036404,43,180,0,1,16021619.508594,34,180,0,1,16779586.699079,44,156,0,1,17084194.269025,42,164,2,1,19070146.185775,52,148,2,1,18408301.734449,10,136,0,1,20654170.953197,35,144,0,1,19389807.199604,11,108,2,1,20724492.311801,71,108,1,12,21600948.158834,18,80,0,1,20956842.728814,53,120,2,1,19905709.398059,62,136,0,12,22761115.310424,67,156,0,12,19130462.933605,66,140,0,12,23225474.922893,61,148,0,12,20872422.752767,
1,1553681001,0.789000,84,156,0,12,19942863.613948,
22,1553681001,0.989000,24,152,0,1,18710418.753068,33,92,0,1,18952512.698909,13,168,0,1,18156614.088375,28,164,0,1,18451867.776431,15,172,0,1,17710091.146168,20,148,0,1,19932614.745290,17,160,0,1,19552630.617588,43,180,0,1,16021648.336354,34,180,0,1,16779593.504664,44,156,0,1,17084102.864785,42,164,2,1,19070291.633340,52,144,2,1,18408272.383183,10,136,0,1,20654114.693695,35,144,0,1,19389676.951179,11,108,2,1,20724486.308926,71,108,0,12,21600925.874906,18,80,0,1,20956811.824478,53,120,2,1,19905560.338299,62,136,0,12,22761231.755727,67,156,0,12,19130486.945105,66,140,0,12,23225395.716355,61,156,0,12,20872362.566966,
1,1553681001,0.989000,84,156,0,12,19942912.666510,
22,1553681002,0.189000,24,152,0,1,18710317.210251,33,92,0,1,18952675.247688,13,168,0,1,18156716.381551,28,164,0,1,18451947.593726,15,176,0,1,17710130.217205,20,144,0,1,19932636.383560,17,160,0,1,19552545.163872,43,172,0,1,16021677.164114,34,180,0,1,16779600.380050,44,156,0,1,17084011.617596,42,164,2,1,19070436.487597,52,144,2,1,18408242.089605,10,136,0,1,20654058.399293,35,144,0,1,19389546.685303,11,108,2,1,20724479.101986,71,108,0,12,21600902.247311,18,80,0,1,20956782.752416,53,120,2,1,19905411.400691,62,136,0,12,22761347.799675,67,156,0,12,19130511.026405,66,140,0,12,23225316.509817,61,156,0,12,20872302.049610,
1,1553681002,0.189000,84,156,0,12,19942961.719072,
22,1553681002,0.389000,24,160,0,1,18710215.772136,33,92,0,1,18952837.970968,13,168,0,1,18156818.657278,28,164,0,1,18452027.760027,15,176,0,1,17710169.340593,20,144,0,1,19932657.934579,17,160,0,1,19552459.657805,43,172,0,1,16021705.904622,34,180,0,1,16779607.272886,44,156,0,1,17083920.335507,42,156,2,1,19070581.411655,52,144,2,1,18408213.052442,10,140,0,1,20654002.244492,35,144,0,1,19389416.524129,11,108,2,1,20724472.750107,71,108,0,12,21600878.200911,18,84,0,1,20956754.046807,53,120,2,1,19905264.574559,62,136,0,12,22761467.612870,67,156,0,12,19130534.950654,66,140,0,12,23225237.338179,61,148,0,12,20872241.130900,
1,1553681002,0.389000,84,156,0,12,19943010.509881,
22,1553681002,0.589000,24,160,0,1,18710114.438721,33,92,0,1,18953000.938551,13,168,0,1,18156920.828302,28,164,0,1,18452107.926327,15,176,0,1,17710208.516332,20,148,0,1,19932679.642650,17,160,0,1,19552374.204089,43,176,0,1,16021734.680031,34,180,0,1,16779614.113371,44,156,0,1,17083829.140669,42,160,2,1,19070725.934359,52,144,2,1,18408184.521336,10,140,0,1,20653945.932640,35,144,0,1,19389286.362955,11,112,2,1,20724466.468028,71,112,0,12,21600855.079372,18,84,0,1,20956724.276736,53,120,2,1,19905114.712089,62,136,0,12,22761578.910359,67,152,0,12,19130558.962153,66,140,0,12,23225158.044390,61,148,0,12,20872180.648446,
1,1553681002,0.589000,84,156,0,12,19943059.440291,
22,1553681002,0.789000,24,160,0,1,18710013.122757,33,92,0,1,18953163.539680,13,168,0,1,18157023.173830,28,164,0,1,18452188.057727,15,176,0,1,17710247.657171,20,144,0,1,19932701.333271,17,160,0,1,19552288.593321,43,176,0,1,16021763.455440,34,176,0,1,16779621.058558,44,156,0,1,17083737.806229,42,160,2,1,19070871.835629,52,144,2,1,18408154.315009,10,140,0,1,20653889.777839,35,144,0,1,19389156.236681,11,112,2,1,20724460.482603,71,112,0,12,21600831.259825,18,84,0,1,20956695.152323,53,116,2,1,19904963.244199,62,132,0,12,22761690.958207,67,152,0,12,19130583.026003,66,140,0,12,23225078.506297,61,152,0,12,20872120.323043,
1,1553681002,0.789000,84,156,0,12,19943108.213650,
22,1553681002,0.989000,24,160,0,1,18709911.702091,33,92,0,1,18953326.664316,13,168,0,1,18157125.536807,28,164,0,1,18452267.752871,15,176,0,1,17710286.780559,20,144,0,1,19932723.041341,17,160,0,1,19552203.191955,43,176,0,1,16021792.230849,34,180,0,1,16779628.038645,44,156,0,1,17083646.576491,42,160,2,1,19071016.236181,52,148,2,1,18408124.911393,10,144,0,1,20653833.553237,35,144,0,1,19389026.127858,11,112,2,1,20724454.915984,71,112,0,12,21600807.248326,18,84,0,1,20956665.242649,53,116,2,1,19904814.812647,62,132,0,12,22761805.117532,67,156,0,12,19130607.229455,66,140,0,12,23224999.456811,61,152,0,12,20872059.840588,
1,1553681002,0.989000,84,156,0,12,19943157.388364,
22,1553681003,0.189000,24,160,0,1,18709810.368677,33,88,0,1,18953489.754051,13,168,0,1,18157227.707832,28,164,0,1,18452347.273514,15,172,0,1,17710325.869046,20,148,0,1,19932744.749412,17,160,0,1,19552117.773139,43,180,0,1,16021821.076059,34,180,0,1,16779634.774429,44,152,0,1,17083555.346753,42,160,2,1,19071160.514581,52,148,2,1,18408093.640602,10,140,0,1,20653777.223934,35,144,0,1,19388896.053935,11,112,2,1,20724447.883546,71,112,0,12,21600784.789895,18,84,0,1,20956635.629630,53,120,2,1,19904664.915276,62,132,0,12,22761921.754787,67,156,0,12,19130631.502708,66,140,0,12,23224920.442225,61,152,0,12,20871999.480285,
1,1553681003,0.189000,84,156,0,12,19943206.650328,
22,1553681003,0.389000,24,160,0,1,18709709.000362,33,88,0,1,18953653.122989,13,168,0,1,18157329.861406,28,164,0,1,18452427.736468,15,172,0,1,17710364.887733,20,148,0,1,19932766.440033,17,160,0,1,19552032.354323,43,180,0,1,16021849.851468,34,180,0,1,16779641.684715,44,152,0,1,17083464.082114,42,160,2,1,19071306.119198,52,148,2,1,18408063.277224,10,140,0,1,20653721.016783,35,148,0,1,19388765.857860,11,112,2,1,20724442.037723,71,112,0,12,21600762.348915,18,88,0,1,20956605.685056,53,120,2,1,19904515.768265,62,136,0,12,22762035.477856,67,156,0,12,19130655.444407,66,140,0,12,23224841.427639,61,152,0,12,20871939.381735,
1,1553681003,0.389000,84,156,0,12,19943255.825042,
22,1553681003,0.589000,24,160,0,1,18709607.649498,33,88,0,1,18953817.224837,13,168,0,1,18157432.084782,28,164,0,1,18452507.274560,15,172,0,1,17710403.888970,20,148,0,1,19932788.340056,17,160,0,1,19551946.778455,43,180,0,1,16021878.679228,34,180,0,1,16779648.734603,44,156,0,1,17083372.834925,42,164,2,1,19071451.531862,52,148,2,1,18408033.001096,10,140,0,1,20653664.792182,35,148,0,1,19388635.783937,11,112,2,1,20724436.157000,71,112,0,12,21600738.878372,18,88,0,1,20956575.949885,53,120,2,1,19904365.870895,62,136,0,12,22762152.900371,67,156,0,12,19130679.508257,66,140,0,12,23224762.500304,61,152,0,12,20871879.073783,
1,1553681003,0.589000,84,156,0,12,19943304.807803,
22,1553681003,0.789000,24,160,0,1,18709506.228832,33,88,0,1,18953980.698477,13,168,0,1,18157534.412859,28,164,0,1,18452587.458311,15,172,0,1,17710442.942557,20,148,0,1,19932810.187729,17,160,0,1,19551861.220038,43,180,0,1,16021907.541888,34,180,0,1,16779655.801941,44,156,0,1,17083281.622637,42,164,2,1,19071596.543172,52,148,2,1,18408002.986721,10,140,0,1,20653608.515229,35,148,0,1,19388505.727464,11,112,2,1,20724429.927272,71,112,0,12,21600715.599782,18,84,0,1,20956546.214714,53,120,2,1,19904218.887711,62,136,0,12,22762270.287986,67,156,0,12,19130703.380155,66,140,0,12,23224683.276316,61,152,0,12,20871818.853081,
1,1553681003,0.789000,84,156,0,12,19943353.999967,
22,1553681003,0.989000,24,160,0,1,18709404.895418,33,88,0,1,18954143.910363,13,168,0,1,18157636.723485,28,164,0,1,18452667.310507,15,172,0,1,17710482.031045,20,148,0,1,19932831.860899,17,160,0,1,19551775.836122,43,180,0,1,16021936.456899,34,180,0,1,16779662.816929,44,156,0,1,17083190.480150,42,164,2,1,19071741.345079,52,148,2,1,18407973.495853,10,140,0,1,20653552.220827,35,148,0,1,19388375.793143,11,112,2,1,20724422.545830,71,112,0,12,21600693.280953,18,84,0,1,20956516.898348,53,120,2,1,19904072.236081,62,136,0,12,22762384.517111,67,156,0,12,19130727.391655,66,140,0,12,23224604.506033,61,152,0,12,20871758.614930,
1,1553681003,0.989000,84,156,0,12,19943403.035079,
22,1553681004,0.189000,24,160,0,1,18709303.596904,33,88,0,1,18954306.843046,13,168,0,1,18157739.034112,28,164,0,1,18452747.476807,15,172,0,1,17710521.136983,20,148,0,1,19932853.638771,17,160,0,1,19551690.364956,43,180,0,1,16021965.284659,34,180,0,1,16779669.884267,44,156,0,1,17083099.302762,42,164,1,1,19071886.618141,52,152,0,1,18407942.853271,10,140,0,1,20653496.048576,35,148,0,1,19388245.823921,11,112,2,1,20724416.612756,71,112,0,12,21600669.880211,18,84,0,1,20956487.791385,53,124,2,1,19903920.384286,62,136,0,12,22762498.850938,67,156,0,12,19130751.420605,66,140,0,12,23224525.177343,61,152,0,12,20871698.324427,
1,1553681004,0.189000,84,156,0,12,19943451.860788,
22,1553681004,0.389000,24,160,0,1,18709202.280939,33,88,0,1,18954469.810630,13,168,0,1,18157841.397089,28,164,0,1,18452827.294103,15,172,0,1,17710560.399973,20,148,0,1,19932875.468993,17,164,0,1,19551605.033391,43,176,0,1,16021994.164769,34,180,0,1,16779677.021406,44,156,0,1,17083008.230076,42,160,0,1,19072031.734152,52,148,0,1,18407913.310052,10,136,0,1,20653439.684373,35,148,0,1,19388115.767449,11,112,2,1,20724409.859522,71,112,0,12,21600646.811024,18,84,0,1,20956458.806574,53,124,2,1,19903770.347314,62,136,0,12,22762617.285566,67,156,0,12,19130775.449554,66,140,0,12,23224446.110406,61,152,0,12,20871638.208427,
1,1553681004,0.389000,84,156,0,12,19943500.878450,
22,1553681004,0.589000,24,160,0,1,18709100.877724,33,92,0,1,18954634.837339,13,168,0,1,18157943.637915,28,164,0,1,18452907.652356,15,172,0,1,17710599.575712,20,148,0,1,19932897.124714,17,164,0,1,19551519.632026,43,176,0,1,16022023.044879,34,176,0,1,16779684.053844,44,156,0,1,17082917.017788,42,160,0,1,19072176.728011,52,148,0,1,18407883.260777,10,136,0,1,20653383.512122,35,156,0,1,19387985.833127,11,112,2,1,20724404.921110,71,112,0,12,21600624.335143,18,84,0,1,20956429.542558,53,124,2,1,19903621.741260,62,136,0,12,22762732.282501,67,156,0,12,19130799.792608,66,140,0,12,23224366.956219,61,152,0,12,20871577.935375,
1,1553681004,0.589000,84,156,0,12,19943549.651808,
22,1553681004,0.789000,24,156,0,1,18708999.596660,33,92,0,1,18954799.096238,13,168,0,1,18158045.931091,28,164,0,1,18452987.853557,15,172,0,1,17710638.786351,20,148,0,1,19932918.920036,17,164,0,1,19551434.265560,43,176,0,1,16022051.820288,34,176,0,1,16779691.138632,44,156,0,1,17082825.892751,42,156,0,1,19072322.088325,52,144,0,1,18407853.438355,10,136,0,1,20653327.200269,35,156,0,1,19387855.829005,11,116,2,1,20724398.569231,71,112,0,12,21600602.103566,18,88,0,1,20956399.929539,53,120,2,1,19903471.721738,62,136,0,12,22762847.087483,67,156,0,12,19130823.734307,66,140,0,12,23224287.871832,61,152,0,12,20871517.575072,
1,1553681004,0.789000,84,156,0,12,19943598.512418,
22,1553681004,0.989000,24,164,0,1,18708898.350497,33,92,0,1,18954962.657129,13,168,0,1,18158148.224268,28,164,0,1,18453067.862805,15,172,0,1,17710677.979540,20,156,0,1,19932940.715357,17,164,0,1,19551348.776944,43,176,0,1,16022080.717849,34,176,0,1,16779698.031468,44,152,0,1,17082734.680463,42,156,0,1,19072467.204336,52,144,0,1,18407823.458881,10,140,0,1,20653270.818616,35,140,0,1,19387725.894684,11,116,2,1,20724395.707395,71,112,0,12,21600579.156529,18,88,0,1,20956369.880264,53,120,2,1,19903323.325086,62,136,0,12,22762960.409197,67,156,0,12,19130847.710906,66,140,0,12,23224208.787445,61,152,0,12,20871457.110067,
1,1553681004,0.989000,84,156,0,12,19943647.390478,
22,1553681005,0.189000,24,164,0,1,18708797.051983,33,92,0,1,18955127.177782,13,168,0,1,18158250.622145,28,164,0,1,18453147.802252,15,172,0,1,17710717.207630,20,152,0,1,19932962.510679,17,160,0,1,19551263.375578,43,176,0,1,16022109.737561,34,176,0,1,16779704.924304,44,152,0,1,17082643.450724,42,160,0,1,19072612.494849,52,148,0,1,18407793.776061,10,148,0,1,20653214.733616,35,140,0,1,19387595.942912,11,116,2,1,20724388.395754,71,112,0,12,21600557.884714,18,84,0,1,20956341.035054,53,120,2,1,19903174.998236,62,136,0,12,22763078.233067,67,156,0,12,19130871.896908,66,140,0,12,23224129.947361,61,152,0,12,20871396.854466,
1,1553681005,0.189000,84,156,0,12,19943696.669893,
22,1553681005,0.389000,24,164,0,1,18708695.858170,33,92,0,1,18955290.791024,13,168,0,1,18158353.072374,28,164,0,1,18453227.811501,15,176,0,1,17710756.383368,20,144,0,1,19932984.410703,17,164,0,1,19551178.166165,43,176,0,1,16022138.512970,34,172,0,1,16779711.974192,44,152,0,1,17082552.378038,42,160,0,1,19072757.715561,52,148,0,1,18407764.197942,10,148,0,1,20653158.561365,35,140,0,1,19387465.973691,11,116,2,1,20724379.565944,71,108,0,12,21600534.309470,18,84,0,1,20956311.823389,53,120,2,1,19903026.828437,62,136,0,12,22763198.814072,67,156,0,12,19130896.152711,66,140,0,12,23224050.775723,61,152,0,12,20871336.598864,
1,1553681005,0.389000,84,156,0,12,19943745.652654,
22,1553681005,0.589000,24,164,0,1,18708594.507306,33,92,0,1,18955453.915659,13,168,0,1,18158455.295749,28,164,0,1,18453307.750948,15,176,0,1,17710795.594008,20,152,0,1,19933006.171124,17,168,0,1,19551092.852050,43,176,0,1,16022167.410531,34,176,0,1,16779719.006630,44,152,0,1,17082461.148300,42,164,0,1,19072903.093325,52,148,0,1,18407734.253368,10,140,0,1,20653102.266963,35,128,0,1,19387335.987019,11,120,2,1,20724375.325541,71,108,0,12,21600510.699325,18,80,0,1,20956282.437223,53,116,2,1,19902881.886928,62,136,0,12,22763313.339851,67,156,0,12,19130920.495764,66,140,0,12,23223971.673886,61,152,0,12,20871276.221110,
1,1553681005,0.589000,84,156,0,12,19943794.513264,
22,1553681005,0.789000,24,156,0,1,18708493.470545,33,92,0,1,18955617.459100,13,168,0,1,18158557.676177,28,164,0,1,18453387.829997,15,172,0,1,17710834.839547,20,152,0,1,19933028.106048,17,160,0,1,19551007.503035,43,176,0,1,16022196.290641,34,180,0,1,16779726.178670,44,156,0,1,17082369.866211,42,164,0,1,19073048.314037,52,148,0,1,18407704.343695,10,140,0,1,20653046.024911,35,128,0,1,19387206.017797,11,120,2,1,20724367.490393,71,108,0,12,21600487.420735,18,80,0,1,20956252.771853,53,120,2,1,19902731.396250,62,136,0,12,22763428.563639,67,156,0,12,19130944.472363,66,144,0,12,23223892.537149,61,152,0,12,20871215.965509,
1,1553681005,0.789000,84,156,0,12,19943843.775228,
22,1553681005,0.989000,24,164,0,1,18708392.241832,33,92,0,1,18955780.880389,13,168,0,1,18158660.231106,28,168,0,1,18453467.909047,15,172,0,1,17710874.085087,20,144,0,1,19933049.918820,17,160,0,1,19550922.119120,43,176,0,1,16022225.275453,34,176,0,1,16779733.280908,44,152,0,1,17082278.776074,42,164,0,1,19073193.674351,52,148,0,1,18407674.434022,10,136,0,1,20652989.887560,35,128,0,1,19387076.083476,11,116,2,1,20724361.225765,71,108,0,12,21600464.037443,18,80,0,1,20956222.774928,53,120,2,1,19902578.357841,62,136,0,12,22763541.204794,67,156,0,12,19130968.728166,66,144,0,12,23223813.592364,61,152,0,12,20871155.640106,
1,1553681005,0.989000,84,156,0,12,19943893.037193,
22,1553681006,0.189000,24,164,0,1,18708290.925868,33,92,0,1,18955945.592994,13,164,0,1,18158762.681335,28,168,0,1,18453547.988096,15,172,0,1,17710913.260826,20,144,0,1,19933071.836294,17,160,0,1,19550836.682854,43,176,0,1,16022254.085762,34,172,0,1,16779740.400597,44,152,0,1,17082187.598686,42,164,0,1,19073338.947413,52,148,0,1,18407644.663950,10,136,0,1,20652933.628058,35,124,0,1,19386946.218955,11,120,2,1,20724357.526319,71,108,0,12,21600440.514550,18,80,0,1,20956193.144459,53,124,2,1,19902427.657760,62,136,0,12,22763657.178941,67,156,0,12,19130992.669865,66,144,0,12,23223734.769730,61,152,0,12,20871095.384504,
1,1553681006,0.189000,84,156,0,12,19943941.932703,
22,1553681006,0.389000,24,164,0,1,18708189.592453,33,96,0,1,18956109.991496,13,164,0,1,18158865.044312,28,164,0,1,18453627.997344,15,172,0,1,17710952.454015,20,148,0,1,19933093.492014,17,160,0,1,19550751.368739,43,176,0,1,16022283.070574,34,172,0,1,16779747.502836,44,156,0,1,17082096.368948,42,160,0,1,19073484.185575,52,148,0,1,18407614.946229,10,120,0,1,20652877.525608,35,128,0,1,19386816.302084,11,120,2,1,20724348.783760,71,108,0,12,21600416.921855,18,80,0,1,20956163.304586,53,120,2,1,19902276.015368,62,136,0,12,22763772.280577,67,156,0,12,19131016.698815,66,144,0,12,23223655.964547,61,152,0,12,20871035.477906,
1,1553681006,0.389000,84,156,0,12,19943991.020166,
22,1553681006,0.589000,24,164,0,1,18708088.433541,33,100,0,1,18956273.604737,13,168,0,1,18158967.337488,28,168,0,1,18453708.076393,15,172,0,1,17710991.594853,20,156,0,1,19933115.252435,17,160,0,1,19550666.141876,43,176,0,1,16022311.933234,34,176,0,1,16779754.570174,44,156,0,1,17082005.139210,42,164,0,1,19073629.510989,52,148,0,1,18407585.141257,10,124,0,1,20652821.248656,35,128,0,1,19386686.367763,11,120,2,1,20724343.810448,71,108,0,12,21600394.149321,18,80,0,1,20956134.075472,53,120,2,1,19902128.508678,62,136,0,12,22763888.778231,67,156,0,12,19131040.727765,66,132,0,12,23223577.037212,61,152,0,12,20870975.204854,
1,1553681006,0.589000,84,156,0,12,19944039.950576,
22,1553681006,0.789000,24,160,0,1,18707987.257179,33,100,0,1,18956436.519970,13,164,0,1,18159069.630665,28,164,0,1,18453787.876239,15,172,0,1,17711030.822943,20,156,0,1,19933137.012857,17,160,0,1,19550580.723060,43,176,0,1,16022340.952946,34,176,0,1,16779761.637512,44,156,0,1,17081913.892021,42,164,0,1,19073774.766601,52,148,0,1,18407555.353736,10,124,0,1,20652765.111306,35,128,0,1,19386556.450892,11,120,2,1,20724334.474581,71,108,0,12,21600371.987544,18,76,0,1,20956105.998071,53,120,2,1,19901978.890511,62,136,0,12,22764005.171183,67,156,0,12,19131065.035918,66,132,0,12,23223498.197128,61,152,0,12,20870914.687499,
1,1553681006,0.789000,84,156,0,12,19944089.195091,
22,1553681006,0.989000,24,160,0,1,18707886.098266,33,96,0,1,18956600.290263,13,168,0,1,18159172.115794,28,168,0,1,18453867.990189,15,172,0,1,17711070.085933,20,156,0,1,19933158.738378,17,164,0,1,19550495.391495,43,176,0,1,16022369.815606,34,176,0,1,16779768.757201,44,156,0,1,17081822.854235,42,164,0,1,19073920.039664,52,148,0,1,18407525.758166,10,124,0,1,20652708.869254,35,124,0,1,19386426.481670,11,120,0,1,20724330.251628,71,108,0,12,21600348.359950,18,76,0,1,20956077.117961,53,120,2,1,19901829.673699,62,136,0,12,22764120.028517,67,156,0,12,19131089.169569,66,116,0,12,23223418.903339,61,152,0,12,20870854.362096,
1,1553681006,0.989000,84,156,0,12,19944138.771159,
22,1553681007,0.189000,24,160,0,1,18707784.799752,33,100,0,1,18956764.723665,13,168,0,1,18159274.478771,28,164,0,1,18453948.069238,15,172,0,1,17711109.401273,20,152,0,1,19933180.341747,17,160,0,1,19550410.059931,43,176,0,1,16022398.713167,34,176,0,1,16779775.894340,44,156,0,1,17081731.746648,42,160,0,1,19074065.347627,52,144,0,1,18407495.935744,10,120,0,1,20652652.697003,35,124,0,1,19386296.512448,11,120,2,1,20724325.923974,71,108,0,12,21600327.890844,18,72,0,1,20956046.684781,53,120,2,1,19901680.823342,62,136,0,12,22764234.292542,67,156,0,12,19131113.058917,66,116,0,12,23223339.853853,61,152,0,12,20870794.193746,
1,1553681007,0.189000,84,156,0,12,19944188.102925,
22,1553681007,0.389000,24,160,0,1,18707683.431438,33,100,0,1,18956929.209418,13,168,0,1,18159376.981350,28,164,0,1,18454028.200638,15,172,0,1,17711148.594462,20,144,0,1,19933202.067269,17,160,0,1,19550324.763266,43,176,0,1,16022427.697979,34,176,0,1,16779782.856977,44,156,0,1,17081640.586711,42,160,0,1,19074210.707941,52,144,0,1,18407466.200573,10,120,0,1,20652595.879094,35,128,0,1,19386166.595577,11,116,2,1,20724318.280779,71,108,0,12,21600305.327713,18,72,0,1,20956016.513355,53,120,2,1,19901532.950196,62,136,0,12,22764348.259914,67,152,0,12,19131137.210018,66,116,0,12,23223260.734565,61,152,0,12,20870734.356949,
1,1553681007,0.389000,84,156,0,12,19944237.329989,
22,1553681007,0.589000,24,160,0,1,18707582.132924,33,100,0,1,18957093.066962,13,168,0,1,18159479.257076,28,164,0,1,18454108.157535,15,172,0,1,17711187.892353,20,144,0,1,19933223.827690,17,160,0,1,19550239.274650,43,176,0,1,16022456.612989,34,176,0,1,16779789.976666,44,156,0,1,17081549.426773,42,160,0,1,19074356.068255,52,144,0,1,18407436.413052,10,116,0,1,20652538.537678,35,128,0,1,19386036.678706,11,120,2,1,20724310.846986,71,108,0,12,21600281.298763,18,72,0,1,20955987.249340,53,120,2,1,19901384.274341,62,136,0,12,22764464.530715,67,156,0,12,19131161.396020,66,116,0,12,23223181.772330,61,152,0,12,20870674.363101,
1,1553681007,0.589000,84,156,0,12,19944286.295300,
22,1553681007,0.789000,24,160,0,1,18707480.991462,33,100,0,1,18957257.866818,13,168,0,1,18159581.497902,28,168,0,1,18454188.149334,15,172,0,1,17711227.312394,20,132,0,1,19933245.657912,17,160,0,1,19550153.855834,43,176,0,1,16022485.528000,34,176,0,1,16779797.044004,44,156,0,1,17081458.266836,42,160,0,1,19074501.463469,52,144,0,1,18407406.730231,10,120,0,1,20652481.824471,35,140,0,1,19385906.726935,11,116,2,1,20724305.891124,71,108,0,12,21600258.194675,18,72,0,1,20955957.723571,53,120,2,1,19901235.406534,62,136,0,12,22764580.871317,67,152,0,12,19131185.843775,66,116,0,12,23223102.338939,61,156,0,12,20870613.915546,
1,1553681007,0.789000,84,156,0,12,19944335.504914,
22,1553681007,0.989000,24,160,0,1,18707379.902350,33,104,0,1,18957421.270657,13,168,0,1,18159683.825979,28,164,0,1,18454268.193482,15,172,0,1,17711266.540484,20,132,0,1,19933267.435784,17,160,0,1,19550068.663871,43,176,0,1,16022514.425561,34,176,0,1,16779803.989190,44,156,0,1,17081367.246500,42,160,0,1,19074646.701631,52,144,0,1,18407376.942710,10,132,0,1,20652424.291103,35,144,0,1,19385776.810064,11,120,2,1,20724300.917812,71,108,0,12,21600234.846283,18,68,0,1,20955927.691746,53,120,2,1,19901084.497051,62,136,0,12,22764695.972953,67,152,0,12,19131210.343881,66,116,0,12,23223024.441167,61,156,0,12,20870553.869347,
1,1553681007,0.989000,84,156,0,12,19944384.662177,
22,1553681008,0.189000,24,160,0,1,18707278.673637,33,104,0,1,18957584.936250,13,168,0,1,18159786.346008,28,164,0,1,18454348.167830,15,172,0,1,17711305.698773,20,132,0,1,19933289.475409,17,160,0,1,19549983.384657,43,176,0,1,16022543.305671,34,176,0,1,16779811.161230,44,156,0,1,17081276.191264,42,160,0,1,19074792.131746,52,144,0,1,18407347.190088,10,144,0,1,20652369.881324,35,152,0,1,19385646.945543,11,120,2,1,20724295.787448,71,108,0,12,21600210.730082,18,68,0,1,20955898.008926,53,120,1,1,19900938.264226,62,132,0,12,22764810.882637,67,152,0,12,19131234.547333,66,116,0,12,23222943.768810,61,152,0,12,20870493.561395,
1,1553681008,0.189000,84,156,0,12,19944433.644938,
22,1553681008,0.389000,24,160,0,1,18707177.392573,33,104,0,1,18957749.980409,13,168,0,1,18159888.796236,28,164,0,1,18454428.194529,15,172,0,1,17711344.944312,20,128,0,1,19933311.340532,17,160,0,1,19549897.930940,43,176,0,1,16022572.360284,34,176,0,1,16779818.228568,44,156,0,1,17081185.153478,42,160,0,1,19074937.265207,52,144,0,1,18407317.454917,10,144,0,1,20652313.918476,35,148,0,1,19385516.923971,11,120,2,1,20724292.820911,71,108,0,12,21600189.022011,18,68,0,1,20955868.116703,53,124,0,1,19900789.815224,62,132,0,12,22764925.565468,67,152,0,12,19131258.611183,66,116,0,12,23222864.352869,61,152,0,12,20870433.410494,
1,1553681008,0.389000,84,156,0,12,19944482.714951,
22,1553681008,0.589000,24,164,0,1,18707076.251111,33,104,0,1,18957914.815166,13,168,0,1,18159991.194114,28,164,0,1,18454508.116526,15,172,0,1,17711384.154952,20,128,0,1,19933333.327806,17,160,0,1,19549812.547025,43,176,0,1,16022601.188043,34,176,0,1,16779825.208655,44,156,0,1,17081094.063341,42,160,0,1,19075082.451018,52,144,0,1,18407287.667396,10,148,0,1,20652258.252281,35,140,0,1,19385386.937299,11,120,2,1,20724285.631422,71,108,0,12,21600165.621269,18,64,0,1,20955837.735874,53,124,0,1,19900640.197057,62,136,0,12,22765041.330212,67,152,0,12,19131282.797185,66,112,0,12,23222784.640275,61,152,0,12,20870373.050191,
1,1553681008,0.589000,84,156,0,12,19944531.680262,
22,1553681008,0.789000,24,164,0,1,18706974.970048,33,104,0,1,18958079.719723,13,168,0,1,18160093.626892,28,164,0,1,18454588.108324,15,172,0,1,17711423.435392,20,128,0,1,19933357.950064,17,160,0,1,19549727.320162,43,176,0,1,16022630.137955,34,176,0,1,16779832.415595,44,156,0,1,17081003.060456,42,160,0,1,19075227.811332,52,144,0,1,18407258.002025,10,156,0,1,20652200.631662,35,140,0,1,19385257.055328,11,120,2,1,20724280.780261,71,112,0,12,21600143.668896,18,60,0,1,20955808.454409,53,124,0,1,19900492.009808,62,136,0,12,22765157.234559,67,152,0,12,19131307.035537,66,112,0,12,23222705.695490,61,152,0,12,20870312.812039,
1,1553681008,0.789000,84,156,0,12,19944580.645573,
22,1553681008,0.989000,24,164,0,1,18706873.723884,33,104,0,1,18958243.385316,13,168,0,1,18160195.954969,28,164,0,1,18454668.239724,15,172,0,1,17711462.576230,20,124,0,1,19933377.825862,17,160,0,1,19549641.936246,43,176,0,1,16022659.175117,34,176,0,1,16779839.395682,44,156,0,1,17080911.952869,42,164,0,1,19075373.084395,52,144,0,1,18407228.249404,10,152,0,1,20652142.853991,35,140,0,1,19385126.981405,11,120,2,1,20724273.381369,71,108,0,12,21600120.495006,18,64,0,1,20955778.056129,53,124,0,1,19900342.112437,62,136,0,12,22765273.191255,67,152,0,12,19131330.994686,66,116,0,12,23222628.076921,61,152,0,12,20870252.312134,
1,1553681008,0.989000,84,156,0,12,19944629.750485,
22,1553681009,0.189000,24,164,0,1,18706772.442821,33,104,0,1,18958407.609315,13,168,0,1,18160298.509898,28,164,0,1,18454748.283873,15,172,0,1,17711501.734519,20,128,0,1,19933403.076327,17,160,0,1,19549556.604681,43,176,0,1,16022688.037777,34,176,0,1,16779846.585172,44,156,0,1,17080820.705681,42,164,0,1,19075518.357457,52,144,0,1,18407198.584034,10,144,0,1,20652088.060308,35,140,0,1,19384997.134335,11,120,2,1,20724269.507420,71,112,0,12,21600098.490282,18,64,0,1,20955748.984067,53,124,0,1,19900193.174829,62,136,0,12,22765388.380143,67,152,0,12,19131355.145788,66,116,0,12,23222546.375002,61,152,0,12,20870191.934381,
1,1553681009,0.189000,84,156,0,12,19944678.995000,
22,1553681009,0.389000,24,164,0,1,18706671.336259,33,104,0,1,18958571.903115,13,168,0,1,18160400.820525,28,164,0,1,18454828.450173,15,172,0,1,17711540.980058,20,128,0,1,19933423.336029,17,160,0,1,19549471.342918,43,176,0,1,16022717.005138,34,176,0,1,16779853.687411,44,156,0,1,17080729.580644,42,164,0,1,19075663.560719,52,144,0,1,18407168.761612,10,144,0,1,20652028.712117,35,140,0,1,19384867.147663,11,120,2,1,20724263.993152,71,112,0,12,21600076.869462,18,60,0,1,20955719.772402,53,124,0,1,19900043.818415,62,132,0,12,22765503.481779,67,152,0,12,19131379.384140,66,120,0,12,23222469.105438,61,152,0,12,20870131.469376,
1,1553681009,0.389000,84,156,0,12,19944727.611307,
22,1553681009,0.589000,24,160,0,1,18706569.950494,33,104,0,1,18958736.004962,13,168,0,1,18160503.200952,28,164,0,1,18454908.389621,15,172,0,1,17711580.382650,20,128,0,1,19933445.218603,17,160,0,1,19549386.081154,43,176,0,1,16022746.059751,34,176,0,1,16779860.772199,44,156,0,1,17080638.420706,42,164,0,1,19075808.763981,52,144,0,1,18407138.904289,10,144,0,1,20651974.075485,35,140,0,1,19384737.265692,11,120,2,1,20724260.380957,71,112,0,12,21600054.725136,18,60,0,1,20955690.857391,53,124,0,1,19899895.439214,62,132,0,12,22765618.757917,67,152,0,12,19131403.151337,66,124,0,12,23222390.108302,61,152,0,12,20870071.318476,
1,1553681009,0.589000,84,156,0,12,19944776.838371,
22,1553681009,0.789000,24,160,0,1,18706468.617079,33,104,0,1,18958900.159161,13,168,0,1,18160605.459228,28,164,0,1,18454988.381419,15,172,0,1,17711619.645640,20,132,0,1,19933467.258228,17,160,0,1,19549300.714689,43,176,0,1,16022775.096913,34,176,0,1,16779867.961689,44,156,0,1,17080547.243318,42,164,0,1,19075954.106845,52,144,0,1,18407109.151668,10,144,0,1,20651918.164988,35,144,0,1,19384607.296471,11,120,2,1,20724252.982064,71,112,0,12,21600031.690848,18,64,0,1,20955661.122220,53,124,0,1,19899742.959211,62,136,0,12,22765734.051506,67,152,0,12,19131427.389689,66,124,0,12,23222306.277456,61,152,0,12,20870011.132675,
1,1553681009,0.789000,84,156,0,12,19944825.960734,
22,1553681009,0.989000,24,164,0,1,18706367.423267,33,104,0,1,18959064.487861,13,168,0,1,18160707.839656,28,164,0,1,18455068.094013,15,172,0,1,17711659.048232,20,132,0,1,19933489.454905,17,160,0,1,19549215.226072,43,176,0,1,16022804.011924,34,176,0,1,16779875.046477,44,156,0,1,17080456.118281,42,164,0,1,19076099.379907,52,144,0,1,18407079.521198,10,140,0,1,20651860.858473,35,144,0,1,19384477.362149,11,120,2,1,20724248.427557,71,112,0,12,21600008.359907,18,64,0,1,20955630.950794,53,120,0,1,19899595.016265,62,136,0,12,22765849.554497,67,152,0,12,19131451.610591,66,128,0,12,23222229.409247,61,152,0,12,20869950.964324,
1,1553681009,0.989000,84,156,0,12,19944875.484452,
22,1553681010,0.189000,24,164,0,1,18706266.229454,33,104,0,1,18959228.432657,13,168,0,1,18160810.167733,28,164,0,1,18455148.103262,15,172,0,1,17711698.381022,20,132,0,1,19933508.580343,17,160,0,1,19549129.894507,43,172,0,1,16022832.961835,34,176,0,1,16779882.235967,44,156,0,1,17080365.115396,42,164,0,1,19076244.583169,52,144,0,1,18407049.751127,10,140,0,1,20651807.652759,35,144,0,1,19384347.480179,11,120,1,1,20724243.593847,71,112,0,12,21599986.634386,18,60,0,1,20955600.971320,53,120,0,1,19899447.579376,62,136,0,12,22765965.441393,67,152,0,12,19131475.482489,66,140,0,12,23222150.970518,61,152,0,12,20869890.656372,
1,1553681010,0.189000,84,156,0,12,19944924.659165,
22,1553681010,0.389000,24,164,0,1,18706164.965841,33,104,0,1,18959392.377452,13,168,0,1,18160912.722662,28,164,0,1,18455228.007809,15,172,0,1,17711737.748714,20,132,0,1,19933528.595743,17,160,0,1,19549044.632743,43,172,0,1,16022861.929197,34,176,0,1,16779889.303305,44,156,0,1,17080274.025259,42,164,0,1,19076389.908582,52,144,0,1,18407020.085757,10,136,0,1,20651750.503296,35,144,0,1,19384217.598208,11,120,0,1,20724237.992327,71,108,0,12,21599964.699462,18,60,0,1,20955571.410651,53,120,0,1,19899296.600092,62,136,0,12,22766080.700081,67,152,0,12,19131499.546340,66,140,0,12,23222070.682066,61,152,0,12,20869830.540371,
1,1553681010,0.389000,84,156,0,12,19944973.764078,
22,1553681010,0.589000,24,164,0,1,18706063.527725,33,104,0,1,18959556.898105,13,168,0,1,18161015.050739,28,164,0,1,18455308.156659,15,172,0,1,17711776.976803,20,132,0,1,19933554.614018,17,160,0,1,19548959.248828,43,176,0,1,16022890.914008,34,176,0,1,16779896.370643,44,156,0,1,17080182.882772,42,164,0,1,19076535.338697,52,144,0,1,18406990.350586,10,136,0,1,20651694.941802,35,140,0,1,19384087.663887,11,116,0,1,20724234.013678,71,108,0,12,21599941.525573,18,60,0,1,20955541.884882,53,124,0,1,19899147.836986,62,136,0,12,22766196.028570,67,152,0,12,19131523.802142,66,152,0,12,23221994.389714,61,152,0,12,20869770.563973,
1,1553681010,0.589000,84,156,0,12,19945022.991142,
22,1553681010,0.789000,24,164,0,1,18705962.351362,33,104,0,1,18959721.697962,13,168,0,1,18161117.431167,28,164,0,1,18455388.183357,15,172,0,1,17711816.257243,20,132,0,1,19933578.014760,17,156,0,1,19548873.725311,43,172,0,1,16022919.951171,34,176,0,1,16779903.490332,44,156,0,1,17080091.810086,42,164,0,1,19076680.524509,52,144,0,1,18406960.667765,19,72,0,1,20838977.484169,10,136,0,1,20651637.705088,35,140,0,1,19383957.781916,11,116,0,1,20724224.747612,71,108,0,12,21599919.625550,18,60,0,1,20955511.975209,53,124,0,1,19898996.665749,62,136,0,12,22766311.269808,67,152,0,12,19131547.953244,66,152,0,12,23221911.745483,
2,1553681010,0.789000,61,152,0,12,20869710.378172,84,156,0,12,19945072.305458,
22,1553681010,0.989000,24,164,0,1,18705861.052848,33,104,0,1,18959885.223952,13,164,0,1,18161219.776694,28,164,0,1,18455468.122805,15,172,0,1,17711855.572584,20,132,0,1,19933600.019484,17,156,0,1,19548788.358845,43,172,0,1,16022949.023234,34,176,0,1,16779910.557670,44,156,0,1,17080000.719949,42,164,0,1,19076825.745221,52,144,0,1,18406930.967495,19,72,0,1,20838834.776289,10,136,0,1,20651582.736902,35,140,0,1,19383827.760344,11,116,0,1,20724215.882901,71,108,0,12,21599897.324172,18,60,0,1,20955482.414540,53,124,0,1,19898849.874518,62,136,0,12,22766426.545947,67,152,0,12,19131571.807691,66,152,0,12,23221834.266516,
2,1553681010,0.989000,61,152,0,12,20869649.808466,84,156,0,12,19945121.427820,
22,1553681011,0.189000,24,164,0,1,18705759.701984,33,104,0,1,18960049.238549,13,164,0,1,18161322.052420,28,164,0,1,18455548.009902,15,172,0,1,17711894.853024,20,128,0,1,19933619.441576,17,164,0,1,19548702.887679,43,172,0,1,16022978.008045,34,176,0,1,16779917.764610,44,156,0,1,17079909.734514,42,164,0,1,19076971.053184,52,144,0,1,18406901.424276,19,72,0,1,20838693.743629,10,136,0,1,20651527.105608,35,140,0,1,19383697.878373,11,116,0,1,20724207.908152,71,108,0,12,21599874.865741,18,60,0,1,20955452.557218,53,124,0,1,19898699.418740,62,136,0,12,22766541.874436,67,152,0,12,19131595.854091,66,148,0,12,23221761.900463,
2,1553681011,0.189000,61,152,0,12,20869589.552865,84,156,0,12,19945170.480383,
22,1553681011,0.389000,24,164,0,1,18705658.473271,33,104,0,1,18960214.335059,13,164,0,1,18161424.380497,28,160,0,1,18455628.019150,15,172,0,1,17711934.133464,20,128,0,1,19933641.324150,17,164,0,1,19548617.643365,43,176,0,1,16023007.097558,34,176,0,1,16779924.919199,44,156,0,1,17079818.609477,42,164,0,1,19077116.291346,52,144,0,1,18406871.636755,19,72,0,1,20838551.855909,10,140,0,1,20651470.357500,35,140,0,1,19383567.926602,11,116,0,1,20724204.034204,71,108,0,12,21599852.669065,18,60,0,1,20955422.769696,53,124,0,1,19898549.207266,62,136,0,12,22766657.168024,67,152,0,12,19131619.848141,66,148,0,12,23221675.835989,
2,1553681011,0.389000,61,152,0,12,20869529.384514,84,156,0,12,19945219.358442,
22,1553681011,0.589000,24,164,0,1,18705557.139856,33,104,0,1,18960379.536270,13,164,0,1,18161526.760924,28,160,0,1,18455708.010948,15,172,0,1,17711973.501155,20,128,0,1,19933664.044333,17,164,0,1,19548532.381601,43,176,0,1,16023036.030019,34,176,0,1,16779931.969087,44,156,0,1,17079727.641492,42,164,0,1,19077261.529508,52,144,0,1,18406841.884133,19,68,0,1,20838413.021976,10,140,0,1,20651412.649630,35,140,0,1,19383437.939930,11,116,0,1,20724199.549498,71,108,0,12,21599829.128721,18,60,0,1,20955391.952612,53,124,0,1,19898401.508623,62,136,0,12,22766772.548864,67,152,0,12,19131643.999242,66,148,0,12,23221601.567863,
2,1553681011,0.589000,61,152,0,12,20869469.076561,84,156,0,12,19945268.428455,
22,1553681011,0.789000,24,164,0,1,18705455.893693,33,104,0,1,18960543.673018,13,164,0,1,18161629.176252,28,160,0,1,18455788.037647,15,172,0,1,17712012.729245,20,128,0,1,19933683.606027,17,164,0,1,19548446.945335,43,176,0,1,16023065.224233,34,176,0,1,16779939.106226,44,156,0,1,17079636.638606,42,164,0,1,19077406.872372,52,144,0,1,18406812.166412,19,68,0,1,20838270.837602,10,140,0,1,20651358.536505,35,140,0,1,19383308.005608,11,116,0,1,20724193.075467,71,108,0,12,21599806.164234,18,60,0,1,20955362.008038,53,124,0,1,19898254.577790,62,136,0,12,22766887.947154,67,152,0,12,19131667.923491,66,140,0,12,23221522.640528,
2,1553681011,0.789000,61,152,0,12,20869408.995462,84,156,0,12,19945317.481017,
22,1553681011,0.989000,24,164,0,1,18705354.473027,33,104,0,1,18960707.617814,13,164,0,1,18161731.661381,28,160,0,1,18455867.907293,15,172,0,1,17712052.288888,20,128,0,1,19933706.622864,17,164,0,1,19548361.526520,43,176,0,1,16023094.209045,34,176,0,1,16779946.330617,44,156,0,1,17079545.688071,42,164,0,1,19077552.127984,52,144,0,1,18406782.501042,19,68,0,1,20838132.509726,10,140,0,1,20651302.783059,35,140,0,1,19383178.053837,11,116,0,1,20724187.386696,71,108,0,12,21599783.269549,18,64,0,1,20955332.429919,53,124,0,1,19898104.575718,62,132,0,12,22767003.397795,67,152,0,12,19131692.126943,66,140,0,12,23221441.322513,
2,1553681011,0.989000,61,152,0,12,20869348.827111,84,156,0,12,19945366.603380,
22,1553681012,0.189000,24,160,0,1,18705253.279215,33,104,0,1,18960871.545159,13,164,0,1,18161834.111609,28,160,0,1,18455947.829290,15,172,0,1,17712091.639129,20,128,0,1,19933728.330935,17,160,0,1,19548276.142604,43,176,0,1,16023123.298558,34,176,0,1,16779953.485206,44,156,0,1,17079454.667735,42,164,0,1,19077697.383597,52,144,0,1,18406752.853122,19,68,0,1,20837993.012685,10,140,0,1,20651245.144990,35,140,0,1,19383048.119516,11,116,0,1,20724180.109955,71,108,0,12,21599759.886257,18,64,0,1,20955302.275943,53,124,0,1,19897956.353569,62,132,0,12,22767118.848435,67,152,0,12,19131716.103542,66,140,0,12,23221362.063624,
2,1553681012,0.189000,61,152,0,12,20869288.606409,84,156,0,12,19945415.830444,
22,1553681012,0.389000,24,160,0,1,18705151.963251,33,104,0,1,18961035.228201,13,164,0,1,18161936.579288,28,160,0,1,18456027.838539,15,172,0,1,17712131.024271,20,128,0,1,19933751.225621,17,164,0,1,19548190.968091,43,176,0,1,16023152.475322,34,176,0,1,16779960.779397,44,156,0,1,17079363.717201,42,164,0,1,19077842.551958,52,144,0,1,18406723.414605,19,68,0,1,20837849.851099,10,136,0,1,20651189.112341,35,140,0,1,19382918.272445,11,116,0,1,20724172.152656,71,108,0,12,21599737.724480,18,68,0,1,20955272.313919,53,124,0,1,19897808.323371,62,132,0,12,22767234.438677,67,152,0,12,19131740.219743,66,140,0,12,23221282.734934,
2,1553681012,0.389000,61,152,0,12,20869228.368258,84,156,0,12,19945465.005158,
22,1553681012,0.589000,24,160,0,1,18705050.699637,33,104,0,1,18961199.085746,13,164,0,1,18162039.029516,28,160,0,1,18456107.882688,15,172,0,1,17712170.252360,20,132,0,1,19933773.841103,17,164,0,1,19548105.845929,43,176,0,1,16023181.704437,34,176,0,1,16779967.968887,44,156,0,1,17079272.766666,42,164,0,1,19077987.825021,52,144,0,1,18406693.853936,19,68,0,1,20837708.399634,10,136,0,1,20651134.144155,35,140,0,1,19382788.355574,11,116,0,1,20724165.643725,71,108,0,12,21599715.492903,18,68,0,1,20955243.800263,53,124,0,1,19897661.200586,62,136,0,12,22767349.662465,67,152,0,12,19131764.091641,66,140,0,12,23221205.465370,
2,1553681012,0.589000,61,152,0,12,20869168.025405,84,156,0,12,19945514.022819,
22,1553681012,0.789000,24,160,0,1,18704949.488374,33,104,0,1,18961364.321858,13,164,0,1,18162141.479745,28,160,0,1,18456188.014087,15,172,0,1,17712209.654952,20,132,0,1,19933796.282083,17,164,0,1,19548020.653966,43,176,0,1,16023210.898651,34,176,0,1,16779975.350329,44,156,0,1,17079181.885932,42,164,0,1,19078133.132984,52,144,0,1,18406664.293267,19,68,0,1,20837564.086333,10,136,0,1,20651078.163856,35,140,0,1,19382658.421253,11,116,0,1,20724158.698538,71,108,0,12,21599694.308339,18,68,0,1,20955213.733538,53,128,0,1,19897512.646882,62,136,0,12,22767465.217807,67,152,0,12,19131788.364893,66,140,0,12,23221127.899152,
2,1553681012,0.789000,61,152,0,12,20869108.049006,84,156,0,12,19945563.127732,
22,1553681012,0.989000,24,160,0,1,18704848.364362,33,104,0,1,18961528.476056,13,164,0,1,18162244.052124,28,160,0,1,18456268.197838,15,172,0,1,17712249.022643,20,132,0,1,19933819.455972,17,164,0,1,19547935.462003,43,176,0,1,16023240.005614,34,176,0,1,16779982.679420,44,156,0,1,17079090.935397,42,164,0,1,19078278.528198,52,148,0,1,18406634.750049,19,72,0,1,20837423.559730,10,140,0,1,20651024.364835,35,140,0,1,19382528.504382,11,120,0,1,20724153.044667,71,108,0,12,21599671.169350,18,68,0,1,20955185.045380,53,128,0,1,19897362.540109,62,136,0,12,22767580.546296,67,152,0,12,19131812.655596,66,140,0,12,23221049.006718,
2,1553681012,0.989000,61,152,0,12,20869047.950457,84,156,0,12,19945612.442047,
22,1553681013,0.189000,24,160,0,1,18704747.118199,33,104,0,1,18961693.328263,13,164,0,1,18162346.624504,28,160,0,1,18456348.329238,15,172,0,1,17712288.477585,20,132,0,1,19933842.141255,17,164,0,1,19547850.427092,43,176,0,1,16023269.182378,34,176,0,1,16779989.868910,44,156,0,1,17079000.002312,42,164,0,1,19078423.940863,52,148,0,1,18406605.137029,19,68,0,1,20837280.764598,10,136,0,1,20650967.075770,35,140,0,1,19382398.692212,11,120,0,1,20724148.298208,71,108,0,12,21599647.768608,18,68,0,1,20955156.374672,53,124,0,1,19897214.091107,62,136,0,12,22767696.084188,67,152,0,12,19131836.876499,66,140,0,12,23220967.357149,
2,1553681013,0.189000,61,152,0,12,20868988.026409,84,156,0,12,19945661.669111,
22,1553681013,0.389000,24,160,0,1,18704646.046538,33,104,0,1,18961857.848916,13,164,0,1,18162449.074733,28,160,0,1,18456428.443187,15,172,0,1,17712327.915078,20,132,0,1,19933863.796975,17,164,0,1,19547765.357281,43,176,0,1,16023298.446394,34,176,0,1,16779996.988599,44,160,0,1,17078909.139029,42,164,0,1,19078569.353527,52,148,0,1,18406575.663611,19,68,0,1,20837138.772176,10,136,0,1,20650910.502164,35,140,0,1,19382268.914943,11,120,0,1,20724142.452385,71,108,0,12,21599626.043087,18,68,0,1,20955126.936155,53,124,0,1,19897065.554853,62,132,0,12,22767811.499928,67,152,0,12,19131861.132301,66,140,0,12,23220890.331888,
2,1553681013,0.389000,61,152,0,12,20868927.735907,84,156,0,12,19945711.192829,
22,1553681013,0.589000,24,160,0,1,18704544.974877,33,104,0,1,18962022.107816,13,164,0,1,18162551.507511,28,160,0,1,18456508.469886,15,172,0,1,17712367.352570,20,136,0,1,19933885.487596,17,164,0,1,19547680.200218,43,176,0,1,16023327.727859,34,176,0,1,16780004.143188,44,160,0,1,17078818.188494,42,164,0,1,19078714.783642,52,148,0,1,18406546.242544,19,68,0,1,20836995.174335,10,140,0,1,20650855.150074,35,140,0,1,19382139.085323,11,120,0,1,20724137.112618,71,108,0,12,21599602.275890,18,68,0,1,20955098.160746,53,124,0,1,19896919.164977,62,132,0,12,22767926.933118,67,152,0,12,19131885.423004,66,144,0,12,23220812.887822,
2,1553681013,0.589000,61,152,0,12,20868867.480305,84,156,0,12,19945760.140690,
22,1553681013,0.789000,24,160,0,1,18704443.763614,33,104,0,1,18962187.082174,13,168,0,1,18162653.975189,28,160,0,1,18456588.636186,15,172,0,1,17712406.824962,20,132,0,1,19933905.241243,17,164,0,1,19547594.990805,43,176,0,1,16023357.114026,34,176,0,1,16780011.332678,44,160,0,1,17078727.185608,42,164,0,1,19078860.196306,52,148,0,1,18406516.873828,19,64,0,1,20836850.389878,10,140,0,1,20650799.885234,35,140,0,1,19382009.308054,11,124,0,1,20724130.708389,71,108,0,12,21599579.800010,18,68,0,1,20955067.989319,53,124,0,1,19896767.889039,62,132,0,12,22768042.174356,67,152,0,12,19131909.992911,66,144,0,12,23220734.100089,
2,1553681013,0.789000,61,152,0,12,20868807.067651,84,156,0,12,19945809.053651,
22,1553681013,0.989000,24,160,0,1,18704342.587251,33,104,0,1,18962350.381312,13,168,0,1,18162756.512669,28,160,0,1,18456668.854837,15,172,0,1,17712446.419506,20,132,0,1,19933927.507720,17,164,0,1,19547509.903543,43,176,0,1,16023386.412941,34,176,0,1,16780018.609418,44,160,0,1,17078636.304874,42,164,0,1,19079005.661321,52,148,0,1,18406487.470211,19,64,0,1,20836708.397456,10,140,0,1,20650744.498243,35,140,0,1,19381879.513334,11,120,0,1,20724125.002167,71,112,0,12,21599556.748272,18,68,0,1,20955040.749529,53,124,0,1,19896617.904418,62,132,0,12,22768157.624997,67,152,0,12,19131934.248714,66,144,0,12,23220653.619684,
2,1553681013,0.989000,61,152,0,12,20868746.742248,84,156,0,12,19945858.455217,
22,1553681014,0.189000,24,160,0,1,18704241.358538,33,104,0,1,18962515.722125,13,164,0,1,18162859.067598,28,160,0,1,18456748.846635,15,172,0,1,17712485.891899,20,132,0,1,19933949.512445,17,164,0,1,19547424.746481,43,176,0,1,16023415.764207,34,176,0,1,16780025.921060,44,160,0,1,17078545.511391,42,164,0,1,19079151.039085,52,148,0,1,18406458.066594,19,64,0,1,20836566.335234,10,140,0,1,20650688.535395,35,140,0,1,19381749.770965,11,120,0,1,20724117.097219,71,112,0,12,21599533.626734,18,68,0,1,20955012.619778,53,128,0,1,19896468.129199,62,132,0,12,22768272.901135,67,152,0,12,19131958.504516,66,144,0,12,23220573.226531,
2,1553681014,0.189000,61,152,0,12,20868686.940352,84,156,0,12,19945907.996385,
22,1553681014,0.389000,24,156,0,1,18704140.286877,33,104,0,1,18962679.422617,13,164,0,1,18162961.552727,28,160,0,1,18456828.943135,15,172,0,1,17712525.277040,20,132,0,1,19933971.988325,17,164,0,1,19547339.659219,43,176,0,1,16023445.063123,34,176,0,1,16780033.128000,44,160,0,1,17078454.560856,42,164,0,1,19079296.504100,52,148,0,1,18406428.610627,19,64,0,1,20836423.295799,10,140,0,1,20650632.677248,35,140,0,1,19381620.011146,11,120,0,1,20724112.106456,71,108,0,12,21599510.417944,18,68,0,1,20954983.739668,53,128,0,1,19896320.744660,62,132,0,12,22768388.229624,67,152,0,12,19131982.830120,66,144,0,12,23220493.897841,
2,1553681014,0.389000,61,152,0,12,20868626.649850,84,156,0,12,19945957.205999,
22,1553681014,0.589000,24,156,0,1,18704038.918562,33,104,3,1,18962844.205023,13,164,0,1,18163064.194908,28,160,0,1,18456909.109435,15,172,0,1,17712564.714532,20,132,0,1,19933993.486994,17,164,0,1,19547254.467256,43,176,0,1,16023474.309688,34,176,0,1,16780040.474541,44,160,0,1,17078363.732473,42,164,0,1,19079441.829514,52,148,0,1,18406399.102308,19,60,0,1,20836281.303377,10,144,0,1,20650577.011053,35,140,0,1,19381490.216427,11,116,0,1,20724105.265971,71,108,0,12,21599488.221267,18,72,0,1,20954955.121311,53,128,0,1,19896172.365458,62,132,0,12,22768503.750066,67,152,0,12,19132007.365126,66,144,0,12,23220416.593377,
2,1553681014,0.589000,61,156,0,12,20868566.795603,84,156,0,12,19946006.345812,
22,1553681014,0.789000,24,156,0,1,18703937.759650,33,108,2,1,18963007.922966,13,164,0,1,18163166.610236,28,160,0,1,18456989.397887,15,172,0,1,17712604.152024,20,132,0,1,19934016.329329,17,164,0,1,19547169.292743,43,176,0,1,16023503.573703,34,176,0,1,16780047.786182,44,160,0,1,17078272.886640,42,164,0,1,19079587.102576,52,148,0,1,18406369.576540,19,64,0,1,20836139.415657,10,144,0,1,20650521.152906,35,140,0,1,19381360.578759,11,120,0,1,20724100.903417,71,108,0,12,21599465.884988,18,72,0,1,20954926.258651,53,128,0,1,19896023.200997,62,136,0,12,22768619.287957,67,152,0,12,19132031.900132,66,144,0,12,23220337.020384,
2,1553681014,0.789000,61,156,0,12,20868506.906456,84,156,0,12,19946055.590327,
22,1553681014,0.989000,24,156,0,1,18703836.478586,33,104,2,1,18963172.112065,13,168,0,1,18163269.200066,28,160,0,1,18457069.494386,15,172,0,1,17712643.606967,20,132,0,1,19934038.613257,17,164,0,1,19547084.170581,43,176,0,1,16023532.855168,34,176,0,1,16780055.132724,44,160,0,1,17078181.901204,42,168,0,1,19079732.410539,52,148,0,1,18406340.242724,19,64,0,1,20835994.491598,10,144,0,1,20650465.242408,35,140,0,1,19381230.853840,11,120,0,1,20724096.907317,71,112,0,12,21599442.205043,18,72,0,1,20954897.849696,53,128,0,1,19895876.706419,62,136,0,12,22768734.825849,67,152,0,12,19132056.365337,66,144,0,12,23220258.250101,
2,1553681014,0.989000,61,156,0,12,20868446.685754,84,160,0,12,19946104.974443,
22,1553681015,0.189000,24,156,0,1,18703735.319674,33,104,2,1,18963335.742757,13,168,0,1,18163371.842247,28,160,0,1,18457149.625786,15,172,0,1,17712683.131710,20,128,0,1,19934061.036787,17,164,0,1,19546999.065869,43,176,0,1,16023562.206435,34,176,0,1,16780062.392015,44,160,0,1,17078091.212423,42,168,0,1,19079877.666152,52,148,0,1,18406310.908908,19,64,0,1,20835852.830731,10,144,0,1,20650409.593664,35,140,0,1,19381101.111471,11,120,0,1,20724087.745953,71,112,0,12,21599418.874102,18,72,0,1,20954869.336040,53,128,0,1,19895728.780923,62,136,0,12,22768850.224139,67,152,0,12,19132080.533889,66,144,0,12,23220178.223403,
2,1553681015,0.189000,61,156,0,12,20868386.657005,84,160,0,12,19946154.341109,
22,1553681015,0.389000,24,156,0,1,18703634.178212,33,104,2,1,18963499.931855,13,168,0,1,18163474.466977,28,160,0,1,18457229.687385,15,172,0,1,17712722.604102,20,128,0,1,19934083.111312,17,164,0,1,19546913.926257,43,176,0,1,16023591.522801,34,176,0,1,16780069.756007,44,160,0,1,17078000.314238,42,168,0,1,19080023.061366,52,148,0,1,18406281.487841,19,64,0,1,20835710.471854,10,144,0,1,20650353.177110,35,140,0,1,19380971.229501,11,116,0,1,20724083.732402,71,112,0,12,21599397.567386,18,72,0,1,20954841.398242,53,128,0,1,19895580.209770,62,136,0,12,22768965.692230,67,152,0,12,19132104.667540,66,144,0,12,23220101.512245,
2,1553681015,0.389000,61,156,0,12,20868326.628256,84,160,0,12,19946203.393671,
22,1553681015,0.589000,24,156,0,1,18703533.001850,33,104,2,1,18963663.754500,13,168,0,1,18163576.934656,28,160,0,1,18457309.906036,15,172,0,1,17712762.093945,20,128,0,1,19934105.377790,17,164,0,1,19546828.647043,43,176,0,1,16023620.804266,34,176,0,1,16780076.910596,44,160,0,1,17077909.363704,42,168,0,1,19080168.421680,52,152,0,1,18406252.171475,19,64,0,1,20835568.968039,10,144,0,1,20650297.004859,35,140,0,1,19380841.330080,11,116,0,1,20724076.804666,71,112,0,12,21599375.004254,18,72,0,1,20954811.732872,53,128,0,1,19895429.945945,62,136,0,12,22769081.265022,67,152,0,12,19132128.888442,66,148,0,12,23220023.370170,
2,1553681015,0.589000,61,156,0,12,20868266.390104,84,160,0,12,19946253.022090,
22,1553681015,0.789000,24,156,0,1,18703431.842937,33,104,2,1,18963828.344953,13,168,0,1,18163679.664088,28,160,0,1,18457390.177038,15,172,0,1,17712801.461636,20,128,0,1,19934126.684506,17,164,0,1,19546743.489980,43,176,0,1,16023650.138082,34,176,0,1,16780084.274588,44,160,0,1,17077818.360818,42,164,0,1,19080313.886695,52,148,0,1,18406222.837659,19,64,0,1,20835427.935379,10,144,0,1,20650241.199063,35,140,0,1,19380711.674962,11,116,0,1,20724071.185696,71,112,0,12,21599353.470686,18,76,0,1,20954782.242004,53,128,0,1,19895280.711682,62,136,0,12,22769196.698212,67,152,0,12,19132153.004643,66,148,0,12,23219943.849528,
2,1553681015,0.789000,61,156,0,12,20868206.448606,84,160,0,12,19946302.388756,
22,1553681015,0.989000,24,156,0,1,18703330.736376,33,104,2,1,18963992.254849,13,168,0,1,18163782.236467,28,160,0,1,18457470.343338,15,172,0,1,17712841.091081,20,128,0,1,19934148.654330,17,164,0,1,19546658.402718,43,176,0,1,16023679.367197,34,176,0,1,16780091.551329,44,160,0,1,17077727.410283,42,164,0,1,19080459.212108,52,148,0,1,18406193.521293,19,68,0,1,20835285.052996,10,140,0,1,20650185.148963,35,140,0,1,19380581.950043,11,116,0,1,20724064.955968,71,112,0,12,21599331.064606,18,76,0,1,20954753.135041,53,128,0,1,19895132.803637,62,136,0,12,22769312.480407,67,152,0,12,19132177.452398,66,148,0,12,23219865.009444,
2,1553681015,0.989000,61,156,0,12,20868146.576909,84,160,0,12,19946351.580920,
22,1553681016,0.189000,24,156,0,1,18703229.594914,33,104,2,1,18964156.147294,13,168,0,1,18163884.791397,28,160,0,1,18457550.561989,15,172,0,1,17712880.772876,20,128,0,1,19934170.903357,17,164,0,1,19546573.228206,43,176,0,1,16023708.578861,34,176,0,1,16780098.915320,44,160,0,1,17077636.546999,42,164,0,1,19080604.572422,52,148,0,1,18406164.065326,19,68,0,1,20835141.141050,10,144,0,1,20650129.168665,35,140,0,1,19380452.190224,11,116,0,1,20724062.233734,71,112,0,12,21599307.873267,18,72,0,1,20954724.499233,53,128,0,1,19894984.127782,62,136,0,12,22769427.669294,67,152,0,12,19132201.708201,66,148,0,12,23219786.692867,
2,1553681016,0.189000,61,156,0,12,20868086.652862,84,160,0,12,19946400.999937,
22,1553681016,0.389000,24,156,0,1,18703128.383651,33,104,2,1,18964319.324280,13,168,0,1,18163987.381227,28,160,0,1,18457630.658488,15,172,0,1,17712920.297619,20,128,0,1,19934192.942982,17,164,0,1,19546488.106043,43,176,0,1,16023737.895227,34,172,0,1,16780106.331663,44,160,0,1,17077545.683716,42,164,0,1,19080749.880385,52,148,0,1,18406134.591908,19,68,0,1,20835000.108391,10,140,0,1,20650073.275618,35,140,0,1,19380322.465306,11,120,0,1,20724054.782491,71,112,0,12,21599284.489975,18,72,0,1,20954695.113067,53,128,0,1,19894836.237186,62,136,0,12,22769543.119935,67,152,0,12,19132225.964004,66,148,0,12,23219707.713182,
2,1553681016,0.389000,61,156,0,12,20868026.501961,84,160,0,12,19946450.139750,
22,1553681016,0.589000,24,156,0,1,18703027.120037,33,104,2,1,18964483.897283,13,168,0,1,18164089.883806,28,160,0,1,18457710.946940,15,172,0,1,17712959.892163,20,128,0,1,19934215.052408,17,164,0,1,19546402.914080,43,176,0,1,16023767.106891,34,172,0,1,16780113.660754,44,160,0,1,17077454.802982,42,164,0,1,19080895.153448,52,148,0,1,18406105.223191,19,68,0,1,20834856.719952,10,140,0,1,20650017.347670,35,140,0,1,19380192.740387,11,120,0,1,20724051.693803,71,112,0,12,21599260.757679,18,72,0,1,20954666.145705,53,128,0,1,19894687.892885,62,136,0,12,22769658.832328,67,152,0,12,19132250.394308,66,148,0,12,23219628.820747,
2,1553681016,0.589000,61,156,0,12,20867966.420861,84,160,0,12,19946499.471515,
22,1553681016,0.789000,24,156,0,1,18702926.030926,33,104,2,1,18964647.842079,13,168,0,1,18164192.386385,28,160,0,1,18457791.183041,15,172,0,1,17712999.382006,20,128,0,1,19934236.969882,17,164,0,1,19546317.739568,43,176,0,1,16023796.405807,34,172,0,1,16780121.164348,44,160,0,1,17077363.887347,42,168,0,1,19081040.531212,52,148,0,1,18406075.924276,19,68,0,1,20834713.506015,10,144,0,1,20649961.402272,35,140,0,1,19380062.893317,11,116,0,1,20724046.022482,71,112,0,12,21599238.264348,18,72,0,1,20954637.108543,53,128,0,1,19894539.077429,62,136,0,12,22769774.317869,67,152,0,12,19132274.667561,66,148,0,12,23219549.649109,
2,1553681016,0.789000,61,152,0,12,20867906.252511,84,160,0,12,19946548.785831,
22,1553681016,0.989000,24,156,0,1,18702825.029066,33,104,2,1,18964811.298268,13,168,0,1,18164295.098367,28,160,0,1,18457871.349342,15,172,0,1,17713038.976550,20,128,0,1,19934259.044407,17,164,0,1,19546232.687206,43,176,0,1,16023825.565121,34,172,0,1,16780128.633041,44,160,0,1,17077273.093864,42,164,0,1,19081185.874075,52,148,0,1,18406046.538109,19,68,0,1,20834572.037099,10,144,0,1,20649905.544125,35,140,0,1,19379933.133498,11,116,0,1,20724042.549889,71,112,0,12,21599215.317312,18,76,0,1,20954608.874090,53,132,0,1,19894390.122370,62,136,0,12,22769890.065164,67,152,0,12,19132298.940814,66,148,0,12,23219470.494922,
2,1553681016,0.989000,61,152,0,12,20867845.892208,84,160,0,12,19946597.943094,
22,1553681017,0.189000,24,156,0,1,18702723.852703,33,104,0,1,18964974.684657,13,164,0,1,18164397.653297,28,160,0,1,18457951.585443,15,172,0,1,17713078.414042,20,132,0,1,19934281.136383,17,164,0,1,19546147.530144,43,176,0,1,16023854.811686,34,172,0,1,16780135.927232,44,160,0,1,17077182.038628,42,164,0,1,19081331.216939,52,148,0,1,18406017.186843,19,68,0,1,20834431.126591,10,144,0,1,20649849.546376,35,140,0,1,19379803.356228,11,116,0,1,20724038.117533,71,112,0,12,21599192.771630,18,76,0,1,20954580.447686,53,132,0,1,19894241.638467,62,136,0,12,22770005.568155,67,152,0,12,19132323.248968,66,144,0,12,23219391.410535,
2,1553681017,0.189000,61,152,0,12,20867785.688956,84,156,0,12,19946647.414461,
22,1553681017,0.389000,24,152,0,1,18702622.658891,33,104,0,1,18965138.350249,13,168,0,1,18164500.208226,28,160,0,1,18458031.664492,15,172,0,1,17713117.991136,20,144,0,1,19934303.106207,17,164,0,1,19546062.268380,43,176,0,1,16023883.988450,34,172,0,1,16780143.308674,44,160,0,1,17077091.140444,42,164,0,1,19081476.542352,52,148,0,1,18405987.835577,19,64,0,1,20834288.977117,10,140,0,1,20649793.513727,35,140,0,1,19379673.718561,11,116,0,1,20724032.132109,71,108,0,12,21599169.597741,18,72,0,1,20954550.887017,53,128,0,1,19894092.788110,62,136,0,12,22770121.455051,67,152,0,12,19132347.749073,66,144,0,12,23219312.238897,
2,1553681017,0.389000,61,152,0,12,20867725.695108,84,156,0,12,19946696.693876,
22,1553681017,0.589000,24,152,0,1,18702521.587229,33,104,0,1,18965302.678950,13,168,0,1,18164602.658455,28,160,0,1,18458111.778442,15,172,0,1,17713157.515879,20,152,0,1,19934325.198183,17,164,0,1,19545977.163668,43,176,0,1,16023913.304816,34,176,0,1,16780150.637766,44,160,0,1,17077000.259710,42,164,0,1,19081621.780514,52,148,0,1,18405958.466860,19,64,0,1,20834147.717605,10,140,0,1,20649737.655580,35,140,0,1,19379543.906391,11,116,0,1,20724024.052658,71,108,0,12,21599148.046722,18,72,0,1,20954521.116945,53,128,0,1,19893943.937753,62,136,0,12,22770236.800990,67,152,0,12,19132371.882724,66,132,0,12,23219233.468614,
2,1553681017,0.589000,61,152,0,12,20867665.579108,84,156,0,12,19946746.043092,
22,1553681017,0.789000,24,152,0,1,18702420.393417,33,104,0,1,18965466.553944,13,168,0,1,18164705.405337,28,160,0,1,18458192.101794,15,172,0,1,17713197.092973,20,152,0,1,19934347.185457,17,168,0,1,19545892.198558,43,176,0,1,16023942.621181,34,176,0,1,16780157.984307,44,160,0,1,17076909.396426,42,164,0,1,19081767.193179,52,148,0,1,18405929.010893,19,64,0,1,20834006.981599,10,140,0,1,20649681.570580,35,140,0,1,19379414.286174,11,112,0,1,20724018.154484,71,108,0,12,21599124.279526,18,68,0,1,20954491.503926,53,128,0,1,19893795.174646,62,136,0,12,22770352.391232,67,152,0,12,19132396.313029,66,136,0,12,23219154.663431,
2,1553681017,0.789000,61,152,0,12,20867605.480558,84,156,0,12,19946795.235256,
22,1553681017,0.989000,24,152,0,1,18702319.112353,33,104,0,1,18965631.144398,13,168,0,1,18164807.977716,28,160,0,1,18458272.250644,15,172,0,1,17713236.565365,20,152,0,1,19934369.277433,17,164,0,1,19545807.146197,43,176,0,1,16023971.867746,34,176,0,1,16780165.435550,44,160,0,1,17076818.655294,42,164,0,1,19081912.431341,52,148,0,1,18405899.677077,19,60,0,1,20833865.756987,10,144,0,1,20649625.607732,35,140,0,1,19379284.508904,11,112,0,1,20724012.081808,71,108,0,12,21599100.634481,18,68,0,1,20954461.890906,53,128,0,1,19893646.533692,62,136,0,12,22770467.754622,67,152,0,12,19132420.499031,66,136,0,12,23219075.718646,
2,1553681017,0.989000,61,152,0,12,20867545.277307,84,156,0,12,19946844.409969,
22,1553681018,0.189000,24,152,0,1,18702217.831289,33,104,0,1,18965794.583138,13,168,0,1,18164910.637347,28,160,0,1,18458352.521646,15,172,0,1,17713276.282061,20,152,0,1,19934391.229807,17,164,0,1,19545721.849532,43,176,0,1,16024001.096861,34,176,0,1,16780172.886793,44,160,0,1,17076727.861811,42,164,0,1,19082057.739304,52,148,0,1,18405870.343261,19,60,0,1,20833724.602175,10,144,0,1,20649569.697234,35,140,0,1,19379154.696734,11,112,0,1,20724004.997020,71,108,0,12,21599078.228401,18,64,0,1,20954432.277887,53,128,0,1,19893497.822936,62,136,0,12,22770583.205263,67,152,0,12,19132444.615232,66,140,0,12,23218996.669159,
2,1553681018,0.189000,61,152,0,12,20867484.969354,84,156,0,12,19946893.602133,
22,1553681018,0.389000,24,152,0,1,18702116.654927,33,104,0,1,18965958.964189,13,168,0,1,18165013.192277,28,160,0,1,18458432.844998,15,172,0,1,17713315.754454,20,156,0,1,19934413.304332,17,164,0,1,19545636.744820,43,176,0,1,16024030.273625,34,176,0,1,16780180.355487,44,160,0,1,17076636.981077,42,164,0,1,19082203.012367,52,148,0,1,18405840.887293,19,60,0,1,20833583.185611,10,144,0,1,20649513.873987,35,140,0,1,19379024.919465,11,112,0,1,20724000.529764,71,108,0,12,21599054.862560,18,64,0,1,20954403.188374,53,128,0,1,19893349.129631,62,132,0,12,22770698.725704,67,152,0,12,19132468.905935,66,140,0,12,23218917.549872,
2,1553681018,0.389000,61,152,0,12,20867424.818453,84,156,0,12,19946942.864098,
22,1553681018,0.589000,24,152,0,1,18702015.583266,33,100,0,1,18966122.751932,13,168,0,1,18165115.799557,28,160,0,1,18458512.871696,15,172,0,1,17713355.296647,20,156,0,1,19934435.378858,17,164,0,1,19545551.570308,43,176,0,1,16024059.502740,34,176,0,1,16780187.702028,44,160,0,1,17076546.239945,42,164,0,1,19082348.337780,52,148,0,1,18405811.466226,10,144,0,1,20649458.068191,35,140,0,1,19378895.020044,11,112,0,1,20723988.646166,71,104,0,12,21599033.171939,18,64,0,1,20954374.046510,53,128,0,1,19893200.383975,62,132,0,12,22770814.455548,67,152,0,12,19132493.423491,66,140,0,12,23218838.273533,61,152,0,12,20867364.510501,
1,1553681018,0.589000,84,156,0,12,19946992.038812,
22,1553681018,0.789000,24,152,0,1,18701914.441804,33,100,0,1,18966286.103421,13,168,0,1,18165218.511539,28,160,0,1,18458592.950746,15,176,0,1,17713394.995892,20,156,0,1,19934457.453383,17,164,0,1,19545466.483046,43,176,0,1,16024088.592253,34,172,0,1,16780195.205622,44,160,0,1,17076455.202159,42,164,0,1,19082493.680644,52,148,0,1,18405782.149860,10,144,0,1,20649402.314745,35,140,0,1,19378765.330026,11,112,0,1,20723982.695642,71,104,0,12,21599010.643708,53,128,0,1,19893051.743020,62,132,0,12,22770929.958539,67,152,0,12,19132517.714194,66,140,0,12,23218758.979744,61,152,0,12,20867304.289800,84,156,0,12,19947041.230975,
22,1553681018,0.989000,24,152,0,1,18701813.160740,33,104,0,1,18966449.577060,13,168,0,1,18165321.171170,28,160,0,1,18458673.117046,15,176,0,1,17713434.485735,20,156,0,1,19934479.562809,17,164,0,1,19545381.395784,43,176,0,1,16024117.891168,34,172,0,1,16780202.604514,44,156,0,1,17076364.356325,42,164,0,1,19082638.918806,52,148,0,1,18405752.746243,10,144,0,1,20649346.386798,35,140,0,1,19378635.622558,11,112,0,1,20723977.460576,71,104,0,12,21598988.691334,53,128,0,1,19892903.136966,62,132,0,12,22771045.496431,67,152,0,12,19132541.987447,66,140,0,12,23218679.965158,61,152,0,12,20867244.453003,84,156,0,12,19947090.370788,
22,1553681019,0.189000,24,152,0,1,18701712.019278,33,104,0,1,18966613.521856,13,168,0,1,18165423.848251,28,160,0,1,18458753.335697,15,176,0,1,17713474.132630,20,156,0,1,19934501.637334,17,164,0,1,19545296.203821,43,176,0,1,16024147.102833,34,172,0,1,16780210.073207,44,160,0,1,17076273.370890,42,164,0,1,19082784.226769,52,148,0,1,18405723.307726,10,144,0,1,20649290.615902,35,140,0,1,19378505.897639,11,112,0,1,20723969.852281,71,104,0,12,21598965.814099,53,128,0,1,19892754.565812,62,132,0,12,22771161.051773,67,152,0,12,19132566.487553,66,140,0,12,23218600.985472,61,152,0,12,20867184.075250,84,156,0,12,19947139.807255,
22,1553681019,0.389000,24,152,0,1,18701610.860366,33,104,0,1,18966777.344500,13,168,0,1,18165526.420631,28,160,0,1,18458833.501997,15,176,0,1,17713513.762074,20,156,0,1,19934523.659509,17,164,0,1,19545211.151460,43,176,0,1,16024176.314497,34,176,0,1,16780217.646602,44,156,0,1,17076182.368005,42,164,0,1,19082929.412581,52,148,0,1,18405693.904109,10,144,0,1,20649234.949707,35,140,0,1,19378376.102919,11,112,0,1,20723964.896420,71,104,0,12,21598942.814712,53,128,0,1,19892605.855056,62,132,0,12,22771276.589664,67,152,0,12,19132590.830606,66,140,0,12,23218522.250090,61,152,0,12,20867124.081401,84,156,0,12,19947188.912168,
22,1553681019,0.589000,24,152,0,1,18701509.718904,33,104,0,1,18966940.661088,13,168,0,1,18165629.184963,28,160,0,1,18458913.720648,15,176,0,1,17713553.478770,20,156,0,1,19934545.786385,17,164,0,1,19545125.994397,43,176,0,1,16024205.526162,34,176,0,1,16780225.202546,44,160,0,1,17076091.452370,42,164,0,1,19083074.772895,52,148,0,1,18405664.657544,10,144,0,1,20649179.161361,35,140,0,1,19378246.273299,11,112,0,1,20723958.195536,71,104,0,12,21598920.426082,53,128,0,1,19892457.231552,62,136,0,12,22771392.075205,67,152,0,12,19132614.981708,66,140,0,12,23218443.497257,61,152,0,12,20867063.913050,84,156,0,12,19947238.174133,
22,1553681019,0.789000,24,152,0,1,18701408.647242,33,104,0,1,18967105.373693,13,168,0,1,18165731.809694,28,160,0,1,18458993.764797,15,176,0,1,17713593.108214,20,156,0,1,19934567.826010,17,164,0,1,19545040.819885,43,176,0,1,16024234.842528,34,176,0,1,16780232.845742,44,156,0,1,17076000.606537,42,164,0,1,19083220.063407,52,148,0,1,18405635.306278,10,144,0,1,20649123.390465,35,140,0,1,19378116.548381,11,112,0,1,20723954.147085,71,104,0,12,21598897.793150,53,128,0,1,19892308.677848,62,136,0,12,22771507.682898,67,152,0,12,19132639.377112,66,140,0,12,23218364.255818,61,152,0,12,20867003.814500,84,156,0,12,19947287.575699,
22,1553681019,0.989000,24,152,0,1,18701307.401079,33,104,0,1,18967269.981597,13,168,0,1,18165834.382074,28,160,0,1,18459073.913647,15,176,0,1,17713632.667858,20,156,0,1,19934589.865635,17,164,0,1,19544955.767523,43,176,0,1,16024264.106543,34,176,0,1,16780240.506387,44,156,0,1,17075909.708352,42,164,0,1,19083365.284119,52,148,0,1,18405606.024813,10,144,0,1,20649067.549768,35,140,0,1,19377986.718761,11,112,0,1,20723946.940146,71,104,0,12,21598874.130655,18,64,0,1,20954167.104378,53,128,0,1,19892160.124145,62,136,0,12,22771623.238240,67,152,0,12,19132663.842317,66,140,0,12,23218285.276133,61,152,0,12,20866943.820652,
1,1553681019,0.989000,84,156,0,12,19947336.802763,
