obsCount, time1, time2, sat, SNR, LLI, code,P
1,1553680260,0.589000,84,148,0,12,19778777.035265,
22,1553680260,0.789000,24,144,0,1,19103464.805004,33,136,0,1,18366298.268315,13,148,0,1,17804808.275626,28,152,0,1,18178255.307459,15,152,0,1,17600348.489275,30,124,0,1,20724741.047204,20,128,0,1,19887967.298740,17,132,0,1,19893068.416190,43,164,0,1,15947779.854540,34,172,0,1,16802869.111142,44,156,0,1,17446978.676863,42,152,0,1,18543609.772278,52,132,2,1,18566902.261329,10,120,3,1,20893861.699602,35,76,0,1,19896087.103694,11,136,0,1,20783524.548691,83,108,0,12,21874185.308522,71,116,0,12,21712367.205794,62,140,0,12,22346369.406673,67,132,0,12,19067343.820820,66,104,0,12,23535102.843907,61,140,0,12,21112100.917564,
1,1553680260,0.789000,84,148,0,12,19778816.751960,
22,1553680260,0.989000,24,144,0,1,19103354.397476,33,136,0,1,18366450.591265,13,148,0,1,17804895.683766,28,152,0,1,18178322.927053,15,152,0,1,17600368.661727,30,124,0,1,20724877.385755,20,128,0,1,19887969.759221,17,132,0,1,19892970.485568,43,164,0,1,15947790.952879,34,172,0,1,16802849.863551,44,156,0,1,17446874.359461,42,152,0,1,18543748.902864,52,132,2,1,18566847.432745,10,120,2,1,20893789.682553,35,76,0,1,19895944.326013,11,136,0,1,20783498.966672,83,108,0,12,21874298.159080,71,120,0,12,21712327.750852,62,140,0,12,22346477.545673,67,132,0,12,19067354.046647,66,104,0,12,23535014.877360,61,140,0,12,21112032.250957,
1,1553680260,0.989000,84,148,0,12,19778856.206902,
22,1553680261,0.189000,24,144,0,1,19103244.007399,33,136,0,1,18366602.896766,13,148,0,1,17804983.248959,28,152,0,1,18178390.564097,15,152,0,1,17600388.799278,30,124,0,1,20725013.619605,20,128,0,1,19887972.411654,17,132,0,1,19892872.677098,43,164,0,1,15947802.051217,34,172,0,1,16802830.563611,44,156,0,1,17446770.059510,42,152,0,1,18543887.911299,52,132,2,1,18566792.953165,10,120,2,1,20893716.688292,35,76,0,1,19895800.937574,11,136,0,1,20783473.367202,83,108,0,12,21874409.264617,71,120,0,12,21712291.262447,62,140,0,12,22346585.911525,67,132,0,12,19067364.202674,66,104,0,12,23534926.649059,61,140,0,12,21111962.903792,
1,1553680261,0.189000,84,148,0,12,19778895.906148,
22,1553680261,0.389000,24,144,0,1,19103133.669672,33,136,0,1,18366755.184816,13,148,0,1,17805070.674550,28,152,0,1,18178458.113890,15,152,0,1,17600408.936829,30,124,0,1,20725148.701741,20,128,0,1,19887975.098987,17,132,0,1,19892774.781376,43,164,0,1,15947813.184456,34,172,0,1,16802811.263670,44,156,0,1,17446665.811909,42,152,0,1,18544026.884833,52,132,2,1,18566737.810477,10,120,2,1,20893646.171962,35,76,0,1,19895658.229693,11,136,0,1,20783447.889884,83,108,0,12,21874521.539318,71,120,0,12,21712253.308223,62,140,0,12,22346694.259927,67,132,0,12,19067374.323800,66,104,0,12,23534838.665061,61,140,0,12,21111893.888181,
1,1553680261,0.389000,84,148,0,12,19778935.640294,
22,1553680261,0.589000,24,144,0,1,19103023.279595,33,132,0,1,18366907.507767,13,148,0,1,17805158.135041,28,152,0,1,18178525.803284,15,152,0,1,17600429.056930,30,128,0,1,20725283.853677,20,128,0,1,19887977.786321,17,132,0,1,19892676.885655,43,164,0,1,15947824.195544,34,172,0,1,16802791.928828,44,156,0,1,17446561.529408,42,152,0,1,18544165.875817,52,136,2,1,18566682.493286,10,120,2,1,20893570.664870,35,80,0,1,19895514.911055,11,132,0,1,20783422.325315,83,108,0,12,21874634.128122,71,120,0,12,21712212.858618,62,140,0,12,22346802.521078,67,132,0,12,19067384.497277,66,104,0,12,23534751.117319,61,144,0,12,21111825.134323,
1,1553680261,0.589000,84,148,0,12,19778975.199937,
22,1553680261,0.789000,24,144,0,1,19102912.854617,33,132,0,1,18367059.883068,13,148,0,1,17805245.630433,28,152,0,1,18178593.387978,15,152,0,1,17600449.211932,30,128,0,1,20725419.598921,20,128,0,1,19887980.368953,17,132,0,1,19892578.972483,43,164,0,1,15947835.398584,34,172,0,1,16802772.541637,44,156,0,1,17446457.264357,42,152,0,1,18544304.866801,52,136,2,1,18566627.699603,10,124,2,1,20893498.229016,35,80,0,1,19895372.918633,11,132,0,1,20783397.074850,83,108,0,12,21874746.455174,71,120,0,12,21712177.975633,62,140,0,12,22346910.852029,67,132,0,12,19067394.618403,66,104,0,12,23534664.581689,61,144,0,12,21111756.397915,
1,1553680261,0.789000,84,148,0,12,19779014.916633,
22,1553680261,0.989000,24,144,0,1,19102802.447089,33,132,0,1,18367212.136218,13,148,0,1,17805333.160725,28,152,0,1,18178661.007571,15,152,0,1,17600469.436734,30,128,0,1,20725555.675719,20,128,0,1,19887982.864334,17,132,0,1,19892481.164013,43,164,0,1,15947846.496922,34,172,0,1,16802753.398748,44,156,0,1,17446353.034206,42,152,0,1,18544443.945037,52,136,2,1,18566572.626716,10,124,2,1,20893422.704474,35,80,0,1,19895230.315454,11,132,0,1,20783371.388130,83,108,0,12,21874857.595611,71,120,0,12,21712140.876470,62,140,0,12,22347019.148081,67,132,0,12,19067404.722080,66,108,0,12,23534576.719842,61,144,0,12,21111687.225252,
1,1553680261,0.989000,84,148,0,12,19779054.563528,
22,1553680262,0.189000,24,144,0,1,19102692.161713,33,132,0,1,18367364.476619,13,148,0,1,17805420.708467,28,152,0,1,18178728.609715,15,152,0,1,17600489.574285,30,128,0,1,20725692.101521,20,128,0,1,19887985.516767,17,132,0,1,19892383.303192,43,164,0,1,15947857.595261,34,172,0,1,16802734.168608,44,156,0,1,17446248.786606,42,152,0,1,18544582.970922,52,132,2,1,18566517.361876,10,124,2,1,20893348.436347,35,76,0,1,19895087.084066,11,132,0,1,20783345.858461,83,108,0,12,21874970.009913,71,120,0,12,21712103.480654,62,140,0,12,22347127.758236,67,132,0,12,19067414.860656,66,104,0,12,23534489.625806,61,144,0,12,21111618.209641,
1,1553680262,0.189000,84,148,0,12,19779093.931219,
22,1553680262,0.389000,24,144,0,1,19102581.562233,33,132,0,1,18367516.904271,13,148,0,1,17805508.186409,28,152,0,1,18178796.281659,15,152,0,1,17600509.746737,30,128,0,1,20725828.509873,20,132,0,1,19887988.204101,17,132,0,1,19892285.494721,43,164,0,1,15947868.658699,34,172,0,1,16802714.973368,44,152,0,1,17446144.556455,42,152,0,1,18544722.049157,52,132,2,1,18566462.149387,10,124,2,1,20893276.157545,35,80,0,1,19894943.747978,11,132,0,1,20783320.328793,83,108,0,12,21875082.127562,71,116,0,12,21712067.079499,62,140,0,12,22347235.879785,67,132,0,12,19067425.138834,66,108,0,12,23534401.223003,61,144,0,12,21111549.403432,
1,1553680262,0.389000,84,148,0,12,19779133.543213,
22,1553680262,0.589000,24,144,0,1,19102471.137255,33,132,0,1,18367669.279572,13,148,0,1,17805595.594550,28,152,0,1,18178863.971054,15,152,0,1,17600529.936639,30,128,0,1,20725963.696710,20,132,0,1,19887990.786733,17,132,0,1,19892187.581550,43,164,0,1,15947879.704686,34,172,0,1,16802695.743228,44,152,0,1,17446040.256504,42,152,0,1,18544861.127392,52,136,2,1,18566406.814747,10,124,2,1,20893202.500176,35,80,0,1,19894800.813244,11,132,0,1,20783294.676973,83,108,0,12,21875194.908320,71,116,0,12,21712028.636670,62,140,0,12,22347344.420139,67,132,0,12,19067435.277411,66,108,0,12,23534313.361156,61,144,0,12,21111480.649574,
1,1553680262,0.589000,84,148,0,12,19779173.015606,
22,1553680262,0.789000,24,144,0,1,19102360.834429,33,132,0,1,18367821.567622,13,148,0,1,17805683.177192,28,152,0,1,18178931.451046,15,152,0,1,17600550.370844,30,128,0,1,20726099.511755,20,132,0,1,19887993.334465,17,132,0,1,19892089.685828,43,164,0,1,15947890.645973,34,172,0,1,16802676.547989,44,152,0,1,17445935.956552,42,152,0,1,18545000.205628,52,136,2,1,18566351.584808,10,124,2,1,20893130.535478,35,80,0,1,19894658.349667,11,132,0,1,20783269.164754,83,108,0,12,21875306.048756,71,116,0,12,21711992.061013,62,140,0,12,22347452.733641,67,132,0,12,19067445.660290,66,108,0,12,23534225.987916,61,144,0,12,21111411.633963,
1,1553680262,0.789000,84,148,0,12,19779212.871903,
22,1553680262,0.989000,24,144,0,1,19102250.496702,33,132,0,1,18367973.925473,13,148,0,1,17805770.602783,28,152,0,1,18178999.175341,15,152,0,1,17600570.490945,30,128,0,1,20726235.571103,20,128,0,1,19887996.004348,17,132,0,1,19891991.825007,43,164,0,1,15947901.639610,34,172,0,1,16802657.335299,44,152,0,1,17445831.691501,42,152,0,1,18545139.353664,52,136,2,1,18566296.372319,10,128,2,1,20893057.453966,35,80,0,1,19894515.275332,11,132,0,1,20783243.652536,83,108,0,12,21875418.218756,71,116,0,12,21711956.131015,62,140,0,12,22347561.413597,67,132,0,12,19067455.886118,66,108,0,12,23534138.143520,61,144,0,12,21111342.880105,
1,1553680262,0.989000,84,148,0,12,19779252.553698,
22,1553680263,0.189000,24,144,0,1,19102140.263676,33,132,0,1,18368126.353125,13,148,0,1,17805858.080725,28,152,0,1,18179066.986887,15,152,0,1,17600590.855349,30,128,0,1,20726370.688139,20,128,0,1,19887998.761482,17,132,0,1,19891894.173588,43,164,0,1,15947912.790299,34,172,0,1,16802638.314562,44,152,0,1,17445727.618403,42,156,0,1,18545278.588951,52,136,2,1,18566241.229631,10,128,2,1,20892985.855723,35,80,0,1,19894372.741953,11,132,0,1,20783218.105417,83,112,0,12,21875530.772661,71,116,0,12,21711922.766199,62,140,0,12,22347670.145904,67,132,0,12,19067466.216647,66,108,0,12,23534050.560877,61,144,0,12,21111274.091347,
1,1553680263,0.189000,84,148,0,12,19779292.095891,
22,1553680263,0.389000,24,144,0,1,19102029.733997,33,132,0,1,18368278.763327,13,148,0,1,17805945.645917,28,152,0,1,18179134.658831,15,152,0,1,17600611.184853,30,128,0,1,20726506.136729,20,128,0,1,19888001.326664,17,132,0,1,19891796.295317,43,164,0,1,15947923.853737,34,172,0,1,16802619.014621,44,152,0,1,17445623.475503,42,156,0,1,18545417.545035,52,136,2,1,18566185.999691,10,128,2,1,20892914.693735,35,80,0,1,19894229.754869,11,132,0,1,20783192.750251,83,108,0,12,21875643.064812,71,116,0,12,21711886.207992,62,140,0,12,22347778.284903,67,132,0,12,19067476.616977,66,108,0,12,23533962.768832,61,144,0,12,21111205.145537,
1,1553680263,0.389000,84,148,0,12,19779331.411232,
22,1553680263,0.589000,24,144,0,1,19101919.343920,33,128,0,1,18368431.121178,13,148,0,1,17806033.176210,28,152,0,1,18179202.313326,15,152,0,1,17600631.357304,30,128,0,1,20726641.899423,20,128,0,1,19888003.926747,17,132,0,1,19891698.486847,43,164,0,1,15947934.934626,34,172,0,1,16802599.819381,44,152,0,1,17445519.245352,42,156,0,1,18545556.518569,52,136,2,1,18566130.717402,10,128,2,1,20892841.385370,35,80,0,1,19894087.186590,11,132,0,1,20783167.272933,83,108,0,12,21875754.746205,71,116,0,12,21711847.241656,62,140,0,12,22347886.650755,67,132,0,12,19067486.685752,66,108,0,12,23533874.767384,61,144,0,12,21111136.164826,
1,1553680263,0.589000,84,148,0,12,19779370.848724,
22,1553680263,0.789000,24,144,0,1,19101809.093444,33,128,0,1,18368583.426678,13,148,0,1,17806120.811203,28,152,0,1,18179269.967820,15,152,0,1,17600651.617007,30,128,0,1,20726777.539965,20,128,0,1,19888006.439578,17,132,0,1,19891600.748177,43,164,0,1,15947946.085315,34,172,0,1,16802580.676493,44,152,0,1,17445414.910501,42,156,0,1,18545695.509554,52,136,2,1,18566075.522363,10,128,2,1,20892767.937404,35,80,0,1,19893944.182056,11,132,0,1,20783141.795615,83,108,0,12,21875866.968555,71,116,0,12,21711813.039229,62,140,0,12,22347995.173659,67,132,0,12,19067496.894130,66,108,0,12,23533786.818286,61,144,0,12,21111067.131764,
1,1553680263,0.789000,84,148,0,12,19779410.513069,
22,1553680263,0.989000,24,144,0,1,19101698.790618,33,128,0,1,18368735.767079,13,148,0,1,17806208.393846,28,152,0,1,18179337.761916,15,152,0,1,17600671.841810,30,128,0,1,20726913.075806,20,128,0,1,19888007.695994,17,132,0,1,19891502.957157,43,164,0,1,15947957.131303,34,172,0,1,16802561.516153,44,152,0,1,17445310.732701,42,156,0,1,18545834.448187,52,136,2,1,18566020.240073,10,128,2,1,20892694.070632,35,80,0,1,19893801.194971,11,132,0,1,20783116.161245,83,112,0,12,21875978.388196,71,116,0,12,21711775.242058,62,140,0,12,22348103.714014,67,132,0,12,19067506.875654,66,108,0,12,23533699.392695,61,140,0,12,21110998.465158,
1,1553680263,0.989000,84,148,0,12,19779449.968011,
22,1553680264,0.189000,24,144,0,1,19101588.435441,33,128,0,1,18368888.229632,13,148,0,1,17806295.906688,28,152,0,1,18179405.241908,15,152,0,1,17600692.049162,30,128,0,1,20727048.698899,20,128,0,1,19888010.488029,17,132,0,1,19891405.288288,43,164,0,1,15947968.264541,34,172,0,1,16802542.233663,44,152,0,1,17445206.502550,42,156,0,1,18545973.631124,52,136,2,1,18565965.097385,10,128,2,1,20892622.664341,35,80,0,1,19893658.452190,11,132,0,1,20783090.614126,83,112,0,12,21876089.842736,71,116,0,12,21711737.183133,62,140,0,12,22348212.062416,67,136,0,12,19067516.996780,66,108,0,12,23533611.530849,61,140,0,12,21110929.781101,
1,1553680264,0.189000,84,148,0,12,19779489.806858,
22,1553680264,0.389000,24,144,0,1,19101478.062814,33,128,0,1,18369040.535132,13,148,0,1,17806383.524231,28,152,0,1,18179472.878952,15,152,0,1,17600712.256514,30,128,0,1,20727184.287090,20,128,0,1,19888014.623730,17,132,0,1,19891307.479818,43,164,0,1,15947979.415231,34,172,0,1,16802523.003523,44,152,0,1,17445102.324750,42,156,0,1,18546112.569757,52,136,2,1,18565910.007048,10,128,2,1,20892548.117011,35,80,0,1,19893515.849011,11,128,0,1,20783065.171709,83,112,0,12,21876201.908035,71,116,0,12,21711697.501338,62,140,0,12,22348320.253766,67,136,0,12,19067527.065556,66,108,0,12,23533525.239522,61,140,0,12,21110861.149394,
1,1553680264,0.389000,84,148,0,12,19779529.244350,
22,1553680264,0.589000,24,144,0,1,19101367.533134,33,128,0,1,18369192.927884,13,148,0,1,17806470.880021,28,152,0,1,18179540.725398,15,152,0,1,17600732.359165,30,128,0,1,20727319.875282,20,128,0,1,19888017.433215,17,132,0,1,19891209.688798,43,164,0,1,15947990.461218,34,172,0,1,16802503.790833,44,152,0,1,17444998.042249,42,156,0,1,18546251.665443,52,136,2,1,18565854.759658,10,128,2,1,20892475.122750,35,80,0,1,19893373.542485,11,128,0,1,20783039.502439,83,112,0,12,21876313.938433,71,116,0,12,21711661.431738,62,140,0,12,22348428.741769,67,136,0,12,19067537.239033,66,108,0,12,23533437.482377,61,140,0,12,21110792.604939,
1,1553680264,0.589000,84,148,0,12,19779568.699293,
22,1553680264,0.789000,24,144,0,1,19101257.177958,33,128,0,1,18369345.268284,13,148,0,1,17806558.288162,28,152,0,1,18179608.414793,15,152,0,1,17600752.549067,30,128,0,1,20727455.428574,20,124,0,1,19888017.869471,17,132,0,1,19891111.985028,43,164,0,1,15948001.594457,34,172,0,1,16802484.735195,44,152,0,1,17444893.812098,42,156,0,1,18546390.656427,52,136,2,1,18565799.547169,10,128,2,1,20892402.948650,35,80,0,1,19893230.415799,11,128,0,1,20783013.955320,83,112,0,12,21876426.527238,71,116,0,12,21711624.594328,62,140,0,12,22348537.456626,67,132,0,12,19067547.656813,66,108,0,12,23533349.777583,61,140,0,12,21110723.659129,
1,1553680264,0.789000,84,148,0,12,19779608.398538,
22,1553680264,0.989000,24,144,0,1,19101146.770430,33,128,0,1,18369497.661036,13,148,0,1,17806645.940605,28,152,0,1,18179676.121638,15,152,0,1,17600772.843670,30,128,0,1,20727590.946965,20,128,0,1,19888021.673618,17,132,0,1,19891014.194008,43,164,0,1,15948012.814947,34,172,0,1,16802465.574856,44,148,0,1,17444789.477247,42,156,0,1,18546529.664862,52,136,2,1,18565744.439382,10,128,2,1,20892331.420207,35,80,0,1,19893087.550867,11,128,0,1,20782988.600153,83,112,0,12,21876537.493172,71,116,0,12,21711586.692455,62,140,0,12,22348645.927179,67,136,0,12,19067558.004792,66,108,0,12,23533262.980200,61,140,0,12,21110654.521366,
1,1553680264,0.989000,84,148,0,12,19779647.853480,
22,1553680265,0.189000,24,144,0,1,19101036.415253,33,128,0,1,18369650.018887,13,152,0,1,17806733.505798,28,152,0,1,18179743.723781,15,152,0,1,17600793.295325,30,128,0,1,20727726.413005,20,128,0,1,19888023.069636,17,132,0,1,19890916.315737,43,164,0,1,15948024.070338,34,172,0,1,16802446.519219,44,148,0,1,17444685.124945,42,156,0,1,18546668.620946,52,136,2,1,18565689.157092,10,128,2,1,20892258.268894,35,80,0,1,19892944.930237,11,128,0,1,20782963.175186,83,112,0,12,21876649.401418,71,116,0,12,21711547.918071,62,140,0,12,22348754.624586,67,136,0,12,19067568.265520,66,108,0,12,23533175.729111,61,140,0,12,21110585.558106,
1,1553680265,0.189000,84,148,0,12,19779687.779579,
22,1553680265,0.389000,24,144,0,1,19100925.955375,33,128,0,1,18369802.306937,13,152,0,1,17806821.001190,28,156,0,1,18179811.395726,15,152,0,1,17600813.624829,30,128,0,1,20727861.913946,20,128,0,1,19888026.472428,17,132,0,1,19890818.385115,43,164,0,1,15948035.238477,34,172,0,1,16802427.376330,44,148,0,1,17444580.947145,42,156,0,1,18546807.734082,52,136,2,1,18565633.962053,10,128,2,1,20892184.960530,35,76,0,1,19892802.536460,11,128,0,1,20782937.820020,83,112,0,12,21876762.164726,71,116,0,12,21711513.680744,62,140,0,12,22348863.199840,67,136,0,12,19067578.788002,66,108,1,12,23533088.129018,61,140,0,12,21110516.769347,
1,1553680265,0.389000,84,148,0,12,19779727.391573,
22,1553680265,0.589000,24,144,0,1,19100815.722349,33,128,0,1,18369954.594987,13,152,0,1,17806908.514032,28,156,0,1,18179879.050220,15,148,0,1,17600833.901982,30,132,0,1,20727997.467237,20,128,0,1,19888031.375939,17,132,0,1,19890720.541744,43,164,0,1,15948046.389166,34,172,0,1,16802408.250891,44,148,0,1,17444476.682094,42,156,0,1,18546946.672715,52,136,2,1,18565578.854266,10,128,2,1,20892112.472325,35,76,0,1,19892659.601727,11,128,0,1,20782912.307801,83,108,0,12,21876875.015284,71,116,0,12,21711475.813772,62,140,0,12,22348971.809996,67,136,0,12,19067589.048730,66,108,0,12,23533001.017531,61,140,0,12,21110447.875888,
1,1553680265,0.589000,84,148,0,12,19779767.247870,
22,1553680265,0.789000,24,144,0,1,19100705.349722,33,128,0,1,18370106.987739,13,152,0,1,17806996.201376,28,156,0,1,18179946.687264,15,148,0,1,17600854.161684,30,132,0,1,20728133.090329,20,128,0,1,19888033.016260,17,132,0,1,19890622.628572,43,164,0,1,15948057.609656,34,172,0,1,16802389.073102,44,148,0,1,17444372.451943,42,156,0,1,18547085.733500,52,136,2,1,18565523.641777,10,128,2,1,20892039.006909,35,76,0,1,19892517.556954,11,128,0,1,20782886.708332,83,112,0,12,21876987.063132,71,116,0,12,21711442.065051,62,140,0,12,22349080.297999,67,136,0,12,19067599.396709,66,108,0,12,23532912.789230,61,140,0,12,21110378.807926,
1,1553680265,0.789000,84,148,0,12,19779806.982016,
22,1553680265,0.989000,24,144,0,1,19100595.029445,33,124,0,1,18370259.467742,13,152,0,1,17807083.766569,28,156,0,1,18180014.394109,15,148,0,1,17600874.543539,30,132,0,1,20728268.800673,20,128,0,1,19888035.249888,17,136,0,1,19890524.820102,43,164,0,1,15948068.707995,34,172,0,1,16802370.034914,44,148,0,1,17444268.239243,42,156,0,1,18547224.968788,52,136,2,1,18565468.516539,10,128,2,1,20891966.169700,35,76,0,1,19892374.814173,11,128,0,1,20782861.231014,83,112,0,12,21877098.936478,71,116,0,12,21711404.913537,62,140,0,12,22349189.065206,67,136,0,12,19067609.657437,66,108,0,12,23532825.922046,61,140,0,12,21110309.949367,
1,1553680265,0.989000,84,148,0,12,19779846.698712,
22,1553680266,0.189000,24,144,0,1,19100484.744069,33,124,0,1,18370411.877943,13,148,0,1,17807171.436463,28,156,0,1,18180082.100953,15,148,0,1,17600894.873042,30,132,0,1,20728404.545917,20,128,0,1,19888039.088936,17,136,0,1,19890427.098883,43,164,0,1,15948079.876134,34,172,0,1,16802351.049077,44,148,0,1,17444163.974192,42,156,0,1,18547363.994672,52,132,2,1,18565413.443652,10,128,2,1,20891893.245240,35,76,0,1,19892232.420397,11,128,0,1,20782835.788597,83,112,0,12,21877212.903850,71,116,0,12,21711366.889513,62,140,0,12,22349297.780063,67,136,0,12,19067620.057766,66,108,0,12,23532737.815897,61,140,0,12,21110241.212959,
1,1553680266,0.189000,84,148,0,12,19779886.223455,
22,1553680266,0.389000,24,144,0,1,19100374.423793,33,124,0,1,18370564.270695,13,148,0,1,17807259.001655,28,156,0,1,18180149.860149,15,148,0,1,17600915.237447,30,132,0,1,20728540.011957,20,128,0,1,19888042.212525,17,136,0,1,19890329.290412,43,164,0,1,15948091.044273,34,172,0,1,16802331.923639,44,148,0,1,17444059.726591,42,156,0,1,18547502.985657,52,132,2,1,18565358.405665,10,128,2,1,20891818.977113,35,76,0,1,19892090.009170,11,128,0,1,20782810.485781,83,112,0,12,21877325.265802,71,116,0,12,21711331.884376,62,140,0,12,22349406.460019,67,136,0,12,19067630.405746,66,108,0,12,23532650.826562,61,140,0,12,21110172.354400,
1,1553680266,0.389000,84,148,0,12,19779925.870349,
22,1553680266,0.589000,24,144,0,1,19100263.946464,33,124,0,1,18370716.593646,13,148,0,1,17807346.584298,28,156,0,1,18180217.514643,15,148,0,1,17600935.427348,30,132,0,1,20728675.617599,20,128,0,1,19888043.940096,17,136,0,1,19890231.673894,43,164,0,1,15948102.177512,34,172,0,1,16802312.676048,44,148,0,1,17443955.374289,42,156,0,1,18547641.976641,52,132,2,1,18565303.332778,10,128,2,1,20891747.274168,35,76,0,1,19891947.580492,11,128,0,1,20782785.025913,83,112,0,12,21877437.767356,71,116,0,12,21711293.389195,62,140,0,12,22349514.703720,67,136,0,12,19067640.614123,66,108,0,12,23532563.174118,61,140,0,12,21110103.408589,
1,1553680266,0.589000,84,148,0,12,19779965.569595,
22,1553680266,0.789000,24,144,0,1,19100153.626188,33,124,0,1,18370868.881696,13,148,0,1,17807434.184391,28,156,0,1,18180285.134237,15,148,0,1,17600955.704501,30,132,0,1,20728811.310492,20,128,0,1,19888047.063685,17,136,0,1,19890134.057376,43,164,0,1,15948113.293301,34,172,0,1,16802293.760012,44,148,0,1,17443851.213939,42,156,0,1,18547780.985076,52,132,2,1,18565248.155189,10,128,2,1,20891674.628912,35,76,0,1,19891805.099465,11,128,0,1,20782759.548595,83,112,0,12,21877549.954805,71,116,0,12,21711256.778639,62,140,0,12,22349623.348775,67,136,0,12,19067651.119154,66,108,0,12,23532476.673389,61,140,0,12,21110034.654731,
1,1553680266,0.789000,84,148,0,12,19780005.129238,
22,1553680266,0.989000,24,144,0,1,19100043.305911,33,124,0,1,18371021.274447,13,152,0,1,17807521.749584,28,156,0,1,18180352.875982,15,148,0,1,17600976.016555,30,132,0,1,20728947.020835,20,128,0,1,19888048.738906,17,136,0,1,19890036.231455,43,164,0,1,15948124.461440,34,172,0,1,16802274.739275,44,148,0,1,17443746.966338,42,156,0,1,18547920.080761,52,132,2,1,18565193.064852,10,128,2,1,20891602.681664,35,76,0,1,19891662.409034,11,128,0,1,20782733.966576,83,112,0,12,21877663.119467,71,116,0,12,21711219.853978,62,140,0,12,22349731.924030,67,136,0,12,19067661.344982,66,108,0,12,23532389.457200,61,140,0,12,21109965.639120,
1,1553680266,0.989000,84,148,0,12,19780044.688882,
22,1553680267,0.189000,24,144,0,1,19099933.020535,33,124,0,1,18371173.684649,13,152,0,1,17807609.332226,28,156,0,1,18180420.739879,15,148,0,1,17600996.258808,30,132,0,1,20729082.678828,20,128,0,1,19888053.764569,17,136,0,1,19889938.562587,43,164,0,1,15948135.612130,34,172,0,1,16802255.753438,44,148,0,1,17443642.823439,42,156,0,1,18548059.054295,52,132,2,1,18565138.044315,10,128,2,1,20891530.350512,35,76,0,1,19891520.294461,11,128,0,1,20782705.976427,83,112,0,12,21877774.713610,71,116,0,12,21711183.138720,62,140,0,12,22349840.429484,67,136,0,12,19067671.623160,66,108,0,12,23532301.926908,61,140,0,12,21109896.867812,
1,1553680267,0.189000,84,148,0,12,19780084.405578,
22,1553680267,0.389000,24,144,0,1,19099822.613007,33,124,0,1,18371326.182102,13,152,0,1,17807697.089371,28,156,0,1,18180488.621226,15,148,0,1,17601016.553411,30,132,0,1,20729218.336821,20,128,0,1,19888055.404889,17,136,0,1,19889841.033320,43,164,0,1,15948146.850070,34,172,0,1,16802236.819952,44,148,0,1,17443538.593288,42,156,0,1,18548198.149981,52,132,2,1,18565083.041229,10,128,2,1,20891458.193861,35,76,0,1,19891377.638931,11,128,0,1,20782678.439983,83,112,0,12,21877886.028549,71,116,0,12,21711146.877167,62,140,0,12,22349949.091990,67,136,0,12,19067681.883888,66,104,0,12,23532215.426179,61,140,0,12,21109828.079054,
1,1553680267,0.389000,84,148,0,12,19780123.877970,
22,1553680267,0.589000,24,144,0,1,19099712.345081,33,124,0,1,18371478.644654,13,152,0,1,17807784.619664,28,156,0,1,18180556.258270,15,148,0,1,17601036.725862,30,132,0,1,20729354.082065,20,128,0,1,19888058.441227,17,136,0,1,19889743.259750,43,164,0,1,15948157.983309,34,172,0,1,16802217.938816,44,148,0,1,17443434.415488,42,156,0,1,18548337.280567,52,132,2,1,18565028.003242,10,128,2,1,20891386.839921,35,76,0,1,19891235.000851,11,128,0,1,20782652.491510,83,112,0,12,21877999.315362,71,116,0,12,21711109.603502,62,140,0,12,22350057.702145,67,136,0,12,19067692.214417,66,104,0,12,23532128.541545,61,140,0,12,21109759.377547,
1,1553680267,0.589000,84,148,0,12,19780163.559765,
22,1553680267,0.789000,24,144,0,1,19099601.902653,33,124,0,1,18371631.107207,13,152,0,1,17807872.254657,28,156,0,1,18180623.790612,15,148,0,1,17601056.933215,30,132,0,1,20729489.792408,20,124,0,1,19888060.378201,17,136,0,1,19889645.678132,43,164,0,1,15948169.168898,34,172,0,1,16802198.813378,44,148,0,1,17443330.272589,42,156,0,1,18548476.358802,52,132,2,1,18564972.965255,10,128,2,1,20891314.386617,35,76,0,1,19891092.101018,11,128,0,1,20782630.434434,83,112,0,12,21878112.148470,71,116,0,12,21711073.481551,62,140,0,12,22350166.050547,67,136,0,12,19067702.370444,66,104,0,12,23532041.098504,61,140,0,12,21109690.379386,
1,1553680267,0.789000,84,148,0,12,19780203.398612,
22,1553680267,0.989000,24,144,0,1,19099491.634727,33,124,0,1,18371783.534859,13,152,0,1,17807959.889651,28,156,0,1,18180691.445107,15,148,0,1,17601077.262718,30,132,0,1,20729625.432950,20,124,0,1,19888064.129998,17,136,0,1,19889548.131415,43,164,0,1,15948180.459189,34,172,0,1,16802179.984593,44,148,0,1,17443226.077339,42,156,0,1,18548615.506839,52,132,2,1,18564918.014520,10,128,2,1,20891241.898412,35,76,0,1,19890949.829393,11,128,0,1,20782604.241657,83,112,0,12,21878225.522535,71,116,0,12,21711036.609241,62,140,0,12,22350274.713053,67,136,0,12,19067712.945275,66,104,0,12,23531952.608449,61,140,0,12,21109621.328874,
1,1553680267,0.989000,84,148,0,12,19780242.975706,
22,1553680268,0.189000,24,144,0,1,19099381.366802,33,124,0,1,18371935.875259,13,148,0,1,17808047.594445,28,156,0,1,18180759.309003,15,148,0,1,17601097.557322,30,132,0,1,20729760.951341,20,124,0,1,19888067.515340,17,136,0,1,19889450.497447,43,164,0,1,15948191.714580,34,172,0,1,16802160.946405,44,148,0,1,17443121.951890,42,156,0,1,18548754.550173,52,132,1,1,18564862.889282,10,128,2,1,20891169.148455,35,76,0,1,19890807.208763,11,128,0,1,20782578.415335,83,112,0,12,21878338.076439,71,116,0,12,21710999.370477,62,140,0,12,22350383.270857,67,136,0,12,19067723.066402,66,104,0,12,23531866.055369,61,140,0,12,21109552.644817,
1,1553680268,0.189000,84,148,0,12,19780282.482999,
22,1553680268,0.389000,24,144,0,1,19099270.941824,33,124,0,1,18372088.320362,13,152,0,1,17808135.281789,28,156,0,1,18180827.033298,15,148,0,1,17601117.782124,30,132,0,1,20729896.591884,20,124,0,1,19888069.434864,17,136,0,1,19889352.776228,43,164,0,1,15948202.830368,34,172,0,1,16802141.978019,44,148,0,1,17443017.704289,42,156,0,1,18548893.680760,52,132,0,1,18564807.903646,10,128,2,1,20891096.311246,35,76,0,1,19890664.570683,11,128,0,1,20782554.979693,83,112,0,12,21878449.897435,71,116,0,12,21710961.782708,62,140,0,12,22350491.985714,67,136,0,12,19067733.222429,66,104,0,12,23531779.676792,61,140,0,12,21109483.768808,
1,1553680268,0.389000,84,148,0,12,19780322.252045,
22,1553680268,0.589000,24,144,0,1,19099160.586647,33,124,0,1,18372240.748014,13,152,0,1,17808222.881882,28,156,0,1,18180894.897195,15,148,0,1,17601138.146528,30,132,0,1,20730032.197526,20,124,0,1,19888070.883232,17,136,0,1,19889255.020108,43,164,0,1,15948214.103209,34,172,0,1,16802122.974731,44,148,0,1,17442913.561389,42,152,0,1,18549032.724094,52,132,0,1,18564752.900559,10,128,2,1,20891023.474037,35,76,0,1,19890522.997067,11,128,0,1,20782529.833929,83,112,0,12,21878562.887595,71,116,0,12,21710925.503705,62,140,0,12,22350600.578419,67,136,0,12,19067743.518057,66,104,0,12,23531692.774707,61,140,0,12,21109415.067300,
1,1553680268,0.589000,84,148,0,12,19780361.741888,
22,1553680268,0.789000,24,144,0,1,19099050.231470,33,124,0,1,18372393.140765,13,152,0,1,17808310.569226,28,156,0,1,18180962.604040,15,148,0,1,17601158.284079,30,132,0,1,20730167.750817,20,128,0,1,19888071.511440,17,136,0,1,19889157.403590,43,164,0,1,15948225.236448,34,172,0,1,16802104.093596,44,148,0,1,17442809.401040,42,152,0,1,18549171.732529,52,132,0,1,18564697.775322,10,128,2,1,20890950.950932,35,76,0,1,19890380.969745,11,128,0,1,20782502.663940,83,112,0,12,21878674.481737,71,116,0,12,21710888.160239,62,140,0,12,22350709.048972,67,136,0,12,19067753.866036,66,104,0,12,23531605.488718,61,140,0,12,21109346.191291,
1,1553680268,0.789000,84,148,0,12,19780401.318982,
22,1553680268,0.989000,24,144,0,1,19098939.980994,33,128,0,1,18372545.568417,13,152,0,1,17808398.326371,28,156,0,1,18181030.275984,15,148,0,1,17601178.631033,30,132,0,1,20730303.426260,20,128,0,1,19888074.966583,17,140,0,1,19889059.472968,43,164,0,1,15948236.509289,34,172,0,1,16802085.195010,44,152,0,1,17442705.101088,42,152,0,1,18549310.740964,52,132,0,1,18564642.650084,10,128,2,1,20890878.427827,35,76,0,1,19890238.296764,11,128,0,1,20782475.842955,83,112,0,12,21878786.389983,71,116,0,12,21710852.265141,62,140,0,12,22350817.606777,67,136,0,12,19067764.231465,66,104,0,12,23531517.609422,61,140,0,12,21109277.402533,
1,1553680268,0.989000,84,148,0,12,19780440.965877,
22,1553680269,0.189000,24,144,0,1,19098829.660718,33,128,0,1,18372697.978619,13,152,0,1,17808485.961365,28,156,0,1,18181098.052630,15,148,0,1,17601198.977987,30,132,0,1,20730439.014452,20,124,0,1,19888076.048497,17,140,0,1,19888961.612147,43,164,0,1,15948247.729779,34,172,0,1,16802066.261524,44,152,0,1,17442600.853487,42,152,0,1,18549449.662147,52,132,0,1,18564587.612097,10,128,2,1,20890805.869822,35,76,0,1,19890095.780836,11,128,0,1,20782448.882369,83,112,0,12,21878898.141178,71,116,0,12,21710815.148528,62,140,0,12,22350926.182032,67,136,0,12,19067774.649245,66,104,0,12,23531431.667099,61,140,0,12,21109208.735926,
1,1553680269,0.189000,84,148,0,12,19780480.700023,
22,1553680269,0.389000,24,144,0,1,19098719.270640,33,128,0,1,18372850.423721,13,152,0,1,17808573.718510,28,156,0,1,18181165.811826,15,148,0,1,17601219.290040,30,132,0,1,20730574.480492,20,124,0,1,19888077.147861,17,140,0,1,19888863.908378,43,164,0,1,15948258.915368,34,172,0,1,16802047.345488,44,152,0,1,17442496.693138,42,152,0,1,18549588.635681,52,132,0,1,18564532.451959,10,128,2,1,20890733.137314,35,76,0,1,19889952.915904,11,128,0,1,20782423.317800,83,112,0,12,21879009.735320,71,116,0,12,21710778.066815,62,140,0,12,22351034.827087,67,136,0,12,19067784.805272,66,104,0,12,23531345.393223,61,140,0,12,21109139.912267,
1,1553680269,0.389000,84,148,0,12,19780520.137515,
22,1553680269,0.589000,24,144,0,1,19098608.671160,33,128,0,1,18373002.746672,13,152,0,1,17808661.301153,28,156,0,1,18181233.466320,15,148,0,1,17601239.636994,30,132,0,1,20730710.016334,20,124,0,1,19888078.421726,17,140,0,1,19888766.117357,43,164,0,1,15948270.118408,34,172,0,1,16802028.464352,44,152,0,1,17442392.428087,42,152,0,1,18549727.609215,52,132,0,1,18564477.431422,10,124,2,1,20890660.526958,35,76,0,1,19889810.504677,11,128,0,1,20782399.707655,83,112,0,12,21879121.608666,71,116,0,12,21710740.897852,62,140,0,12,22351143.053338,67,136,0,12,19067795.118351,66,108,0,12,23531258.107234,61,136,0,12,21109070.809405,
1,1553680269,0.589000,84,148,0,12,19780559.697158,
22,1553680269,0.789000,24,144,0,1,19098498.438135,33,128,0,1,18373155.209224,13,152,0,1,17808748.971047,28,156,0,1,18181300.998662,15,148,0,1,17601259.826896,30,132,0,1,20730845.604525,20,124,0,1,19888082.365476,17,140,0,1,19888668.431038,43,164,0,1,15948281.338898,34,172,0,1,16802009.443615,44,152,0,1,17442288.215386,42,152,0,1,18549866.582749,52,132,0,1,18564422.341085,10,124,2,1,20890587.811901,35,76,0,1,19889667.308190,11,128,0,1,20782373.113524,83,112,0,12,21879232.330298,71,116,0,12,21710704.741000,62,144,0,12,22351251.454090,67,136,0,12,19067805.640832,66,104,0,12,23531169.844032,61,140,0,12,21109002.072997,
1,1553680269,0.789000,84,148,0,12,19780599.256802,
22,1553680269,0.989000,24,144,0,1,19098388.082958,33,128,0,1,18373307.584525,13,152,0,1,17808836.623490,28,156,0,1,18181368.757858,15,148,0,1,17601280.173850,30,132,0,1,20730981.192717,20,124,0,1,19888085.174961,17,140,0,1,19888570.727269,43,164,0,1,15948292.541938,34,172,0,1,16801990.422877,44,152,0,1,17442183.985236,42,152,0,1,18550005.591184,52,132,0,1,18564367.268198,10,124,2,1,20890515.184095,35,76,0,1,19889524.635210,11,128,0,1,20782347.391903,83,112,0,12,21879344.011691,71,116,0,12,21710667.310283,62,144,0,12,22351360.168947,67,136,0,12,19067816.093513,66,104,0,12,23531081.493580,61,140,0,12,21108933.319139,
1,1553680269,0.989000,84,148,0,12,19780638.990948,
22,1553680270,0.189000,24,148,0,1,19098277.972084,33,128,0,1,18373460.151779,13,152,0,1,17808924.223583,28,156,0,1,18181436.360001,15,148,0,1,17601300.468453,30,132,0,1,20731116.746009,20,124,0,1,19888088.054247,17,140,0,1,19888473.075851,43,164,0,1,15948303.762428,34,172,0,1,16801971.437041,44,152,0,1,17442079.789986,42,152,0,1,18550144.651969,52,132,0,1,18564312.108059,10,128,2,1,20890442.521388,35,76,0,1,19889381.299121,11,128,0,1,20782323.886459,83,112,0,12,21879455.274280,71,116,0,12,21710629.966817,62,140,0,12,22351468.796552,67,136,0,12,19067826.336790,66,104,0,12,23530995.097552,61,140,0,12,21108864.390779,
1,1553680270,0.189000,84,148,0,12,19780678.602942,
22,1553680270,0.389000,24,144,0,1,19098167.494755,33,128,0,1,18373612.614331,13,152,0,1,17809011.928378,28,156,0,1,18181503.962145,15,148,0,1,17601320.867758,30,132,0,1,20731252.334201,20,124,0,1,19888092.678554,17,140,0,1,19888375.476783,43,164,0,1,15948315.017818,34,172,0,1,16801952.468654,44,152,0,1,17441975.594736,42,152,0,1,18550283.642953,52,132,0,1,18564257.192224,10,124,2,1,20890369.876132,35,76,0,1,19889238.085184,11,128,0,1,20782295.896310,83,112,0,12,21879566.816071,71,116,0,12,21710593.862317,62,140,0,12,22351577.214755,67,136,0,12,19067836.667319,66,104,0,12,23530908.317619,61,140,0,12,21108795.444969,
1,1553680270,0.389000,84,144,0,12,19780718.232386,
22,1553680270,0.589000,24,144,0,1,19098057.157028,33,128,0,1,18373765.059434,13,152,0,1,17809099.563371,28,156,0,1,18181571.477037,15,148,0,1,17601341.179811,30,136,0,1,20731388.166695,20,124,0,1,19888093.219511,17,140,0,1,19888277.825365,43,164,0,1,15948326.273209,34,172,0,1,16801933.500267,44,152,0,1,17441871.364585,42,152,0,1,18550422.633937,52,132,0,1,18564202.171688,10,124,2,1,20890297.230875,35,72,0,1,19889095.761208,11,128,0,1,20782272.931823,83,112,0,12,21879678.776668,71,116,0,12,21710555.838292,62,140,0,12,22351685.632958,67,140,0,12,19067847.137450,66,104,0,12,23530821.677288,61,140,0,12,21108726.638760,
1,1553680270,0.589000,84,144,0,12,19780757.826930,
22,1553680270,0.789000,24,144,0,1,19097946.924003,33,128,0,1,18373917.591787,13,152,0,1,17809187.407767,28,156,0,1,18181639.218783,15,148,0,1,17601361.439514,30,136,0,1,20731523.789788,20,124,0,1,19888098.506927,17,140,0,1,19888180.121595,43,164,0,1,15948337.511149,34,172,0,1,16801914.584231,44,152,0,1,17441767.274036,42,152,0,1,18550561.694723,52,132,0,1,18564147.186052,10,124,2,1,20890224.969523,35,72,0,1,19888953.472133,11,128,0,1,20782246.704146,83,112,0,12,21879791.033919,71,116,0,12,21710519.454588,62,140,0,12,22351793.929009,67,140,0,12,19067857.537780,66,104,0,12,23530734.879905,61,140,0,12,21108657.919803,
1,1553680270,0.789000,84,144,0,12,19780797.438925,
22,1553680270,0.989000,24,144,0,1,19097836.586276,33,128,0,1,18374070.071789,13,152,0,1,17809275.060211,28,156,0,1,18181706.925628,15,148,0,1,17601381.803918,30,136,0,1,20731659.325629,20,124,0,1,19888101.613066,17,140,0,1,19888082.539978,43,164,0,1,15948348.888691,34,172,0,1,16801895.912498,44,152,0,1,17441663.096236,42,152,0,1,18550700.755508,52,132,0,1,18564092.148065,10,124,2,1,20890152.394068,35,72,0,1,19888810.781702,11,128,0,1,20782221.279179,83,112,0,12,21879903.256269,71,116,0,12,21710482.180923,62,140,0,12,22351902.574065,67,136,0,12,19067867.990460,66,104,0,12,23530647.576466,61,140,0,12,21108589.253196,
1,1553680270,0.989000,84,144,0,12,19780836.893867,
22,1553680271,0.189000,24,144,0,1,19097726.283450,33,128,0,1,18374222.586692,13,152,0,1,17809362.782456,28,156,0,1,18181774.562671,15,148,0,1,17601402.133422,30,136,0,1,20731794.948721,20,124,0,1,19888104.544702,17,140,0,1,19887984.836209,43,164,0,1,15948360.161531,34,172,0,1,16801877.048813,44,152,0,1,17441558.918436,42,152,0,1,18550839.729042,52,132,0,1,18564037.127528,10,124,2,1,20890079.923314,35,72,0,1,19888668.126172,11,128,0,1,20782196.499870,83,112,0,12,21880015.094715,71,116,0,12,21710446.268375,62,140,0,12,22352011.149320,67,140,0,12,19067878.338439,66,104,0,12,23530560.168325,61,140,0,12,21108520.569139,
1,1553680271,0.189000,84,148,0,12,19780876.488411,
22,1553680271,0.389000,24,144,0,1,19097615.928273,33,128,0,1,18374374.979444,13,152,0,1,17809450.591951,28,156,0,1,18181842.391668,15,148,0,1,17601422.742129,30,136,0,1,20731930.484562,20,128,0,1,19888107.493789,17,140,0,1,19887887.114989,43,164,0,1,15948371.382021,34,172,0,1,16801858.097876,44,152,0,1,17441454.775537,42,152,0,1,18550978.720026,52,132,0,1,18563982.194243,10,124,2,1,20890007.295507,35,72,0,1,19888526.063950,11,128,0,1,20782172.627972,83,112,0,12,21880127.840572,71,116,0,12,21710409.797420,62,140,0,12,22352119.445371,67,140,0,12,19067889.122674,66,104,0,12,23530472.829985,61,140,0,12,21108451.780381,
1,1553680271,0.389000,84,144,0,12,19780916.065505,
22,1553680271,0.589000,24,144,0,1,19097505.555646,33,128,0,1,18374527.546698,13,152,0,1,17809538.174594,28,156,0,1,18181910.185764,15,148,0,1,17601443.141434,30,136,0,1,20732066.160005,20,128,0,1,19888110.617378,17,140,0,1,19887789.568272,43,164,0,1,15948382.672312,34,172,0,1,16801839.234191,44,152,0,1,17441350.632638,42,152,0,1,18551117.815712,52,132,0,1,18563927.260957,10,124,2,1,20889934.877104,35,72,0,1,19888383.513121,11,128,0,1,20782148.494321,83,112,0,12,21880240.830731,71,116,0,12,21710372.715707,62,140,0,12,22352227.793773,67,140,0,12,19067899.348501,66,104,0,12,23530386.084953,61,140,0,12,21108383.131224,
1,1553680271,0.589000,84,144,0,12,19780955.694949,
22,1553680271,0.789000,24,144,0,1,19097395.252819,33,124,0,1,18374679.956899,13,152,0,1,17809625.949189,28,156,0,1,18181977.979860,15,148,0,1,17601463.523288,30,136,0,1,20732201.783098,20,128,0,1,19888112.903357,17,140,0,1,19887692.004105,43,164,0,1,15948394.032404,34,172,0,1,16801820.318155,44,152,0,1,17441246.524638,42,152,0,1,18551256.841596,52,132,0,1,18563872.257871,10,124,2,1,20889862.266748,35,72,0,1,19888241.258946,11,128,0,1,20782123.941864,83,112,0,12,21880352.320173,71,116,0,12,21710335.668895,62,140,0,12,22352336.438829,67,140,0,12,19067909.661580,66,104,0,12,23530298.973466,61,140,0,12,21108314.412267,
1,1553680271,0.789000,84,144,0,12,19780995.429095,
22,1553680271,0.989000,24,144,0,1,19097284.845292,33,124,0,1,18374832.436902,13,152,0,1,17809713.776135,28,156,0,1,18182045.669254,15,148,0,1,17601483.852792,30,136,0,1,20732337.441090,20,124,0,1,19888114.648378,17,140,0,1,19887594.230535,43,164,0,1,15948405.409946,34,172,0,1,16801801.559171,44,152,0,1,17441142.521341,42,152,0,1,18551395.867481,52,132,0,1,18563817.394386,10,120,2,1,20889789.795993,35,72,0,1,19888099.667879,11,124,0,1,20782098.394746,83,112,0,12,21880463.460609,71,116,0,12,21710298.709334,62,140,0,12,22352445.048984,67,140,0,12,19067920.061910,66,104,0,12,23530212.053931,61,140,0,12,21108245.832911,
1,1553680271,0.989000,84,144,0,12,19781035.075990,
22,1553680272,0.189000,24,144,0,1,19097174.751868,33,124,0,1,18374984.986706,13,152,0,1,17809801.428579,28,156,0,1,18182113.533151,15,148,0,1,17601504.217196,30,136,0,1,20732473.099083,20,124,0,1,19888118.347825,17,140,0,1,19887496.631467,43,164,0,1,15948416.595536,34,172,0,1,16801782.817637,44,152,0,1,17441038.448242,42,152,0,1,18551534.928266,52,132,0,1,18563762.530902,10,120,1,1,20889716.819183,35,72,0,1,19887957.902310,11,128,0,1,20782075.011454,83,112,0,12,21880575.456107,71,116,0,12,21710261.802123,62,144,0,12,22352553.571888,67,140,0,12,19067930.549491,66,104,0,12,23530123.511526,61,140,0,12,21108177.026702,
1,1553680272,0.189000,84,144,0,12,19781074.077227,
22,1553680272,0.389000,24,144,0,1,19097064.449042,33,124,0,1,18375137.466708,13,152,0,1,17809889.046122,28,156,0,1,18182181.327247,15,148,0,1,17601524.546699,30,136,0,1,20732608.809426,20,124,0,1,19888121.262011,17,144,0,1,19887399.084750,43,164,0,1,15948428.095229,34,172,0,1,16801764.041203,44,152,0,1,17440934.340243,42,152,0,1,18551673.989052,52,132,0,1,18563707.667417,10,120,0,1,20889643.859822,35,72,0,1,19887815.648135,11,124,0,1,20782049.254932,83,112,0,12,21880687.643557,71,116,0,12,21710224.947264,62,144,0,12,22352662.373995,67,140,0,12,19067940.845119,66,104,0,12,23530036.661793,61,140,0,12,21108108.220494,
1,1553680272,0.389000,84,148,0,12,19781113.095913,
22,1553680272,0.589000,24,144,0,1,19096954.128765,33,124,0,1,18375289.876910,13,152,0,1,17809976.681116,28,156,0,1,18182249.068992,15,148,0,1,17601544.806402,30,136,0,1,20732744.397618,20,124,0,1,19888124.874206,17,144,0,1,19887301.520582,43,164,0,1,15948439.350620,34,172,0,1,16801745.160067,44,152,0,1,17440830.302045,42,152,0,1,18551813.067287,52,132,0,1,18563652.681781,10,120,0,1,20889571.807873,35,72,0,1,19887673.428861,11,124,0,1,20782024.615225,83,112,0,12,21880799.447102,71,116,0,12,21710188.249456,62,144,0,12,22352770.792198,67,140,0,12,19067951.262899,66,104,0,12,23529948.101938,61,140,0,12,21108039.676039,
1,1553680272,0.589000,84,148,0,12,19781152.952211,
22,1553680272,0.789000,24,144,0,1,19096843.843389,33,124,0,1,18375442.426713,13,152,0,1,17810064.438261,28,156,0,1,18182316.758387,15,148,0,1,17601565.240607,30,136,0,1,20732880.090511,20,124,0,1,19888126.863531,17,140,0,1,19887203.886614,43,164,0,1,15948450.658361,34,172,0,1,16801726.244031,44,152,0,1,17440726.141695,42,152,0,1,18551952.162973,52,132,0,1,18563597.853197,10,120,0,1,20889500.401582,35,68,0,1,19887530.825681,11,124,0,1,20781998.998305,83,112,0,12,21880912.472162,71,116,0,12,21710151.761050,62,144,0,12,22352879.192951,67,140,0,12,19067961.820281,66,104,0,12,23529860.623996,61,140,0,12,21107971.079233,
1,1553680272,0.789000,84,148,0,12,19781192.756157,
22,1553680272,0.989000,24,144,0,1,19096733.558013,33,124,0,1,18375594.889266,13,152,0,1,17810152.317557,28,156,0,1,18182384.657184,15,148,0,1,17601585.639912,30,136,0,1,20733015.713604,20,124,0,1,19888130.545527,17,140,0,1,19887106.200295,43,164,0,1,15948461.983552,34,172,0,1,16801707.397796,44,152,0,1,17440622.068597,42,152,0,1,18552091.276108,52,136,0,1,18563542.850111,10,120,0,1,20889429.169794,35,72,0,1,19887388.414454,11,124,0,1,20781973.329035,83,112,0,12,21881024.415309,71,116,0,12,21710114.016229,62,144,0,12,22352987.872907,67,140,0,12,19067972.447463,66,104,0,12,23529773.093704,61,140,0,12,21107902.115972,
1,1553680272,0.989000,84,144,0,12,19781232.769507,
22,1553680273,0.589000,24,144,0,1,19096402.614633,33,124,0,1,18376052.311823,13,152,0,1,17810415.414490,28,156,0,1,18182587.969671,15,148,0,1,17601646.959977,30,136,0,1,20733422.582880,20,124,0,1,19888138.014220,17,140,0,1,19886813.315841,43,164,0,1,15948496.063827,34,168,0,1,16801650.789290,44,152,0,1,17440309.866751,42,152,0,1,18552508.475914,52,136,0,1,18563378.329458,10,120,0,1,20889210.588366,35,72,0,1,19886960.203561,11,128,0,1,20781897.158835,83,112,0,12,21881359.721243,71,116,0,12,21710003.573801,93,124,2,1,36129152.042092,62,144,0,12,22353313.773173,67,140,0,12,19068003.788055,66,104,0,12,23529510.485377,
2,1553680273,0.589000,61,140,0,12,21107695.348342,84,144,0,12,19781352.128996,
22,1553680273,0.789000,24,144,0,1,19096292.259456,33,128,0,1,18376204.879077,13,152,0,1,17810503.328687,28,156,0,1,18182655.833568,15,148,0,1,17601667.306931,30,136,0,1,20733558.118722,20,124,0,1,19888138.834380,17,140,0,1,19886715.664422,43,164,0,1,15948507.406469,34,168,0,1,16801632.012855,44,152,0,1,17440205.828553,42,152,0,1,18552647.554149,52,136,0,1,18563323.431073,10,120,0,1,20889137.192750,35,72,0,1,19886817.373529,11,128,0,1,20781871.315062,83,112,0,12,21881471.786541,71,116,0,12,21709966.631690,93,124,2,1,36129156.648949,62,144,0,12,22353422.296078,67,140,0,12,19068014.083683,66,104,0,12,23529423.199388,
2,1553680273,0.789000,61,140,0,12,21107626.577034,84,144,0,12,19781392.055094,
22,1553680273,0.989000,24,144,0,1,19096181.904279,33,128,0,1,18376357.393980,13,152,0,1,17810591.050932,28,156,0,1,18182723.592763,15,144,0,1,17601687.706235,30,136,0,1,20733693.759264,20,124,0,1,19888144.243948,17,140,0,1,19886617.925753,43,164,0,1,15948518.766560,34,168,0,1,16801613.201521,44,152,0,1,17440101.947407,42,152,0,1,18552786.597484,52,136,0,1,18563268.585039,10,120,0,1,20889066.955624,35,72,0,1,19886674.438795,11,128,0,1,20781846.832407,83,112,0,12,21881584.165943,71,116,0,12,21709929.235874,93,124,2,1,36129161.133655,62,144,0,12,22353530.853882,67,140,0,12,19068024.414212,66,108,0,12,23529335.616745,
2,1553680273,0.989000,61,140,0,12,21107557.927877,84,144,0,12,19781431.649638,
22,1553680274,0.189000,24,144,0,1,19096071.618903,33,124,0,1,18376509.891433,13,152,0,1,17810678.930228,28,152,0,1,18182791.334509,15,148,0,1,17601708.122990,30,136,0,1,20733829.242755,20,128,0,1,19888147.210485,17,140,0,1,19886520.431386,43,164,0,1,15948530.074302,34,168,0,1,16801594.355285,44,152,0,1,17439997.961559,42,152,0,1,18552925.675720,52,136,0,1,18563213.686654,10,120,0,1,20888991.151878,35,72,0,1,19886532.708127,11,128,0,1,20781821.773894,83,112,0,12,21881696.824549,71,116,0,12,21709892.066910,93,124,3,1,36129165.688162,62,144,0,12,22353639.324436,67,140,0,12,19068034.692390,66,104,0,12,23529249.290518,
2,1553680274,0.189000,61,140,0,12,21107489.104219,84,144,0,12,19781471.331433,
22,1553680274,0.589000,24,144,0,1,19095851.030701,33,124,0,1,18376814.833988,13,152,0,1,17810854.496869,28,152,0,1,18182926.992501,15,148,0,1,17601748.973950,30,136,0,1,20734100.523840,20,124,0,1,19888151.363637,17,140,0,1,19886325.250701,43,164,0,1,15948552.759585,34,168,0,1,16801556.575564,44,156,0,1,17439789.920063,42,152,0,1,18553203.762390,52,136,0,1,18563103.907334,10,120,0,1,20888841.184707,35,72,0,1,19886248.217227,11,128,0,1,20781771.290414,83,112,0,12,21881921.024947,71,116,0,12,21709817.449779,93,124,2,1,36129174.797176,62,144,0,12,22353856.440045,67,140,0,12,19068055.266197,66,104,0,12,23529074.160133,
2,1553680274,0.589000,61,140,0,12,21107351.648854,84,144,0,12,19781551.061478,
2,1553680274,0.789000,61,140,0,12,21107282.685593,84,144,0,12,19781590.900325,
22,1553680274,0.989000,24,144,0,1,19095630.233096,33,124,0,1,18377119.759093,13,152,0,1,17811030.046059,28,152,0,1,18183062.720295,15,144,0,1,17601789.964511,30,136,0,1,20734371.717673,20,124,0,1,19888159.163884,17,140,0,1,19886130.017665,43,164,0,1,15948575.375067,34,168,0,1,16801518.987795,44,156,0,1,17439581.791316,42,152,0,1,18553481.988661,52,136,0,1,18562994.389767,10,120,0,1,20888695.265986,35,76,0,1,19885963.743778,11,128,0,1,20781720.911635,83,112,0,12,21882145.364946,71,116,0,12,21709743.111851,93,124,2,1,36129184.098142,62,140,0,12,22354073.747606,67,140,0,12,19068076.223908,66,108,0,12,23528899.431103,
2,1553680274,0.989000,61,140,0,12,21107214.053887,84,144,0,12,19781630.529770,
22,1553680275,0.189000,24,144,0,1,19095519.877919,33,124,0,1,18377272.291446,13,152,0,1,17811117.803204,28,152,0,1,18183130.357339,15,144,0,1,17601810.328915,30,136,0,1,20734507.375666,20,124,0,1,19888159.582689,17,140,0,1,19886032.505848,43,164,0,1,15948586.735159,34,172,0,1,16801500.193911,44,156,0,1,17439477.770568,42,152,0,1,18553621.049447,52,136,0,1,18562939.526283,10,120,0,1,20888622.516028,35,76,0,1,19885821.646655,11,128,0,1,20781695.678621,83,112,0,12,21882256.278530,71,116,0,12,21709705.681134,93,124,2,1,36129188.757350,62,140,0,12,22354182.253060,67,140,0,12,19068086.641688,66,108,0,12,23528811.045750,
2,1553680275,0.189000,61,140,0,12,21107145.142977,84,144,0,12,19781670.246465,
22,1553680275,0.389000,24,144,0,1,19095409.540192,33,128,0,1,18377424.701648,13,152,0,1,17811205.542899,28,152,0,1,18183198.203785,15,144,0,1,17601830.902722,30,136,0,1,20734643.086010,20,124,0,1,19888160.839105,17,140,0,1,19885934.906780,43,164,0,1,15948598.095250,34,172,0,1,16801481.347675,44,156,0,1,17439373.854522,42,152,0,1,18553760.162582,52,136,0,1,18562884.697699,10,116,0,1,20888549.783521,35,76,0,1,19885679.863635,11,124,0,1,20781670.463056,83,112,0,12,21882368.151876,71,116,0,12,21709668.494720,93,124,2,1,36129193.364207,62,144,0,12,22354290.950466,67,140,0,12,19068097.146719,66,108,0,12,23528724.736973,
2,1553680275,0.389000,61,140,0,12,21107076.458920,84,144,0,12,19781709.893360,
22,1553680275,0.589000,24,144,0,1,19095299.167565,33,128,0,1,18377577.181650,13,152,0,1,17811293.247693,28,152,0,1,18183265.962981,15,144,0,1,17601851.336927,30,136,0,1,20734778.586950,20,124,0,1,19888166.143971,17,140,0,1,19885837.272812,43,164,0,1,15948609.472792,34,168,0,1,16801462.449090,44,156,0,1,17439269.833774,42,152,0,1,18553899.275718,52,136,0,1,18562829.938915,10,116,0,1,20888476.387905,35,76,0,1,19885536.789300,11,124,0,1,20781645.247491,83,112,0,12,21882480.164823,71,116,0,12,21709631.953964,93,124,2,1,36129198.005965,62,144,0,12,22354399.333769,67,140,0,12,19068107.861153,66,108,0,12,23528636.892577,
2,1553680275,0.589000,61,140,0,12,21107007.565460,84,144,0,12,19781749.400653,
22,1553680275,0.789000,24,144,0,1,19095189.056691,33,128,0,1,18377729.731454,13,152,0,1,17811380.987388,28,152,0,1,18183333.966479,15,144,0,1,17601871.875833,30,136,0,1,20734914.210043,20,124,0,1,19888169.668915,17,140,0,1,19885739.638844,43,164,0,1,15948620.797984,34,168,0,1,16801443.655205,44,156,0,1,17439165.743225,42,152,0,1,18554038.423754,52,136,0,1,18562775.110331,10,116,0,1,20888401.683523,35,80,0,1,19885394.779428,11,124,0,1,20781620.049377,83,108,0,12,21882592.631477,71,116,0,12,21709595.622611,93,124,2,1,36129202.473221,62,144,0,12,22354507.978825,67,140,0,12,19068117.999730,66,108,0,12,23528548.437423,
2,1553680275,0.789000,61,140,0,12,21106938.863953,84,144,0,12,19781789.134799,
22,1553680275,0.989000,24,144,0,1,19095078.771315,33,128,0,1,18377882.228907,13,152,0,1,17811468.639832,28,152,0,1,18183401.725675,15,144,0,1,17601892.362389,30,136,0,1,20735049.676083,20,124,0,1,19888176.142946,17,140,0,1,19885642.231728,43,164,0,1,15948632.192976,34,168,0,1,16801424.791520,44,156,0,1,17439061.670126,42,156,0,1,18554177.676492,52,136,0,1,18562720.334098,10,116,0,1,20888328.270457,35,80,0,1,19885252.769556,11,124,0,1,20781594.851263,83,108,0,12,21882704.190719,71,116,0,12,21709557.336833,93,124,2,1,36129207.097529,62,144,0,12,22354616.519179,67,140,0,12,19068128.277908,66,108,0,12,23528460.435975,
2,1553680275,0.989000,61,140,0,12,21106870.302047,84,144,0,12,19781829.043447,
22,1553680276,0.189000,24,144,0,1,19094968.555740,33,128,0,1,18378034.726359,13,152,0,1,17811556.292276,28,152,0,1,18183469.537221,15,144,0,1,17601912.814044,30,136,0,1,20735185.316625,20,124,0,1,19888179.650440,17,140,0,1,19885544.597760,43,164,0,1,15948643.518167,34,168,0,1,16801406.102336,44,156,0,1,17438957.597028,42,156,0,1,18554316.719827,52,136,0,1,18562665.592765,10,116,0,1,20888257.422573,35,80,0,1,19885111.457693,11,124,0,1,20781569.461196,83,108,0,12,21882816.744623,71,116,0,12,21709522.855203,93,124,2,1,36129211.756737,62,140,0,12,22354725.216585,67,140,0,12,19068138.573536,66,108,0,12,23528372.329826,
2,1553680276,0.189000,61,140,0,12,21106801.635441,84,144,0,12,19781868.690342,
22,1553680276,0.389000,24,144,0,1,19094858.322714,33,124,0,1,18378187.276163,13,152,0,1,17811644.206473,28,152,0,1,18183537.331317,15,144,0,1,17601933.387851,30,136,0,1,20735320.869917,20,124,0,1,19888180.296098,17,140,0,1,19885447.225545,43,164,0,1,15948654.773558,34,168,0,1,16801387.273552,44,156,0,1,17438853.750782,42,152,0,1,18554455.815513,52,136,0,1,18562610.694380,10,116,0,1,20888184.428312,35,84,0,1,19884969.918977,11,124,0,1,20781544.472484,83,108,0,12,21882928.268965,71,116,0,12,21709486.855404,93,124,2,1,36129216.346144,62,144,0,12,22354833.669688,67,140,0,12,19068148.851715,66,108,0,12,23528284.206226,
2,1553680276,0.389000,61,140,0,12,21106732.986284,84,144,0,12,19781908.354686,
22,1553680276,0.589000,24,144,0,1,19094748.054788,33,124,0,1,18378339.843417,13,152,0,1,17811731.928717,28,152,0,1,18183605.107963,15,144,0,1,17601953.804606,30,136,0,1,20735456.493009,20,124,0,1,19888182.076020,17,140,0,1,19885349.713728,43,164,0,1,15948666.151099,34,168,0,1,16801368.601819,44,156,0,1,17438749.764935,42,152,0,1,18554594.946099,52,136,0,1,18562556.022847,10,116,0,1,20888112.184411,35,84,0,1,19884827.350698,11,124,0,1,20781519.169668,83,108,0,12,21883040.002709,71,116,0,12,21709454.938956,93,124,2,1,36129220.970452,62,144,0,12,22354942.262393,67,140,0,12,19068159.094992,66,108,0,12,23528196.850436,
2,1553680276,0.589000,61,140,0,12,21106664.267327,84,144,0,12,19781948.123733,
22,1553680276,0.789000,24,144,0,1,19094637.804313,33,124,0,1,18378492.375770,13,152,0,1,17811819.685862,28,152,0,1,18183672.954409,15,148,0,1,17601974.500564,30,136,0,1,20735592.098651,20,124,0,1,19888183.995544,17,140,0,1,19885252.149561,43,164,0,1,15948677.546092,34,168,0,1,16801349.930086,44,156,0,1,17438645.848888,42,152,0,1,18554734.111585,52,136,0,1,18562501.298965,10,116,0,1,20888036.973972,35,84,0,1,19884685.288475,11,124,0,1,20781493.936653,83,108,0,12,21883152.521713,71,116,0,12,21709417.961944,93,124,2,1,36129225.367907,62,144,0,12,22355051.169202,67,140,0,12,19068169.687275,66,108,0,12,23528108.587235,
2,1553680276,0.789000,61,140,0,12,21106595.338967,84,144,0,12,19781987.543775,
22,1553680276,0.989000,24,144,0,1,19094527.536387,33,124,0,1,18378644.890673,13,148,0,1,17811907.443007,28,152,0,1,18183740.731055,15,148,0,1,17601994.969669,30,136,0,1,20735727.651942,20,124,0,1,19888189.422561,17,140,0,1,19885154.655194,43,164,0,1,15948688.923634,34,168,0,1,16801331.171101,44,156,0,1,17438541.793239,42,152,0,1,18554873.189820,52,140,0,1,18562446.348229,10,116,0,1,20887966.475092,35,84,0,1,19884542.545694,11,124,0,1,20781468.860690,83,108,0,12,21883265.110518,71,116,0,12,21709381.560790,93,124,2,1,36129229.713011,62,144,0,12,22355159.657206,67,140,0,12,19068179.982903,66,108,0,12,23528020.044830,
2,1553680276,0.989000,61,140,0,12,21106526.497858,84,144,0,12,19782027.347721,
22,1553680277,0.189000,24,144,0,1,19094417.303361,33,124,0,1,18378797.981433,13,148,0,1,17811995.444455,28,152,0,1,18183808.542601,15,148,0,1,17602015.526026,30,136,0,1,20735863.100533,20,124,0,1,19888189.440012,17,144,0,1,19885057.038676,43,164,0,1,15948700.405877,34,168,0,1,16801312.551719,44,156,0,1,17438437.720141,42,152,0,1,18555012.372757,52,140,0,1,18562391.659246,10,116,0,1,20887891.788161,35,84,0,1,19884400.064666,11,124,0,1,20781443.732377,83,108,0,12,21883377.594621,71,116,0,12,21709338.336601,93,124,2,1,36129234.162816,62,144,0,12,22355268.180110,67,140,0,12,19068190.522835,66,108,0,12,23527933.421949,
2,1553680277,0.189000,61,140,0,12,21106457.778900,84,144,0,12,19782067.134218,
22,1553680277,0.389000,24,144,0,1,19094306.983085,33,124,0,1,18378951.525899,13,148,0,1,17812083.149250,28,152,0,1,18183876.301796,15,148,0,1,17602036.030032,30,136,0,1,20735998.845776,20,124,0,1,19888194.029419,17,144,0,1,19884959.579210,43,164,0,1,15948711.783419,34,172,0,1,16801293.967237,44,156,0,1,17438333.681943,42,152,0,1,18555151.363741,52,140,0,1,18562336.830662,10,116,0,1,20887817.066328,35,84,0,1,19884257.618539,11,124,0,1,20781418.673864,83,108,0,12,21883489.625019,71,116,0,12,21709297.939347,93,124,2,1,36129238.664973,62,144,0,12,22355376.755365,67,140,0,12,19068201.080216,66,108,0,12,23527846.293012,
2,1553680277,0.389000,61,136,0,12,21106389.059943,84,144,0,12,19782106.711311,
22,1553680277,0.589000,24,144,0,1,19094196.784960,33,124,0,1,18379104.878413,13,148,0,1,17812170.976196,28,152,0,1,18183943.991191,15,148,0,1,17602056.446786,30,136,0,1,20736134.591020,20,124,0,1,19888195.914042,17,144,0,1,19884862.015043,43,160,0,1,15948723.213311,34,168,0,1,16801275.225703,44,156,0,1,17438229.608844,42,152,0,1,18555290.476877,52,140,0,1,18562282.019528,10,116,0,1,20887744.421072,35,84,0,1,19884115.085160,11,124,0,1,20781393.458300,83,108,0,12,21883601.288962,71,116,0,12,21709260.508630,18,100,0,1,21098296.095886,93,124,2,1,36129243.219479,62,144,0,12,22355485.592373,67,140,0,12,19068211.410745,
3,1553680277,0.589000,66,108,0,12,23527758.658018,61,136,0,12,21106320.358435,84,144,0,12,19782146.410557,
22,1553680277,0.789000,24,144,0,1,19094086.639185,33,124,0,1,18379257.777220,13,152,0,1,17812258.715890,28,152,0,1,18184011.889988,15,148,0,1,17602077.003143,30,132,0,1,20736270.231563,20,124,0,1,19888199.508787,17,140,0,1,19884764.485776,43,160,0,1,15948734.555953,34,172,0,1,16801256.606321,44,156,0,1,17438125.535746,42,152,0,1,18555429.712165,52,140,0,1,18562227.330546,10,116,0,1,20887673.206733,35,88,0,1,19883971.871223,11,124,0,1,20781368.434687,83,112,0,12,21883713.249560,71,116,0,12,21709226.236402,18,100,0,1,21098248.544042,93,124,2,1,36129247.843787,62,144,0,12,22355594.254879,67,140,0,12,19068221.933227,
3,1553680277,0.789000,66,108,0,12,23527671.494181,61,136,0,12,21106251.587127,84,144,0,12,19782186.389006,
22,1553680277,0.989000,24,144,0,1,19093976.336359,33,128,0,1,18379411.705591,13,152,0,1,17812346.455585,28,152,0,1,18184079.788786,15,148,0,1,17602097.611850,30,132,0,1,20736405.715053,20,124,0,1,19888201.777316,17,140,0,1,19884666.991409,43,160,0,1,15948745.863694,34,172,0,1,16801237.952038,44,156,0,1,17438021.480097,42,152,0,1,18555568.772950,52,140,0,1,18562172.606663,10,116,0,1,20887600.247373,35,88,0,1,19883828.709637,11,124,0,1,20781343.358724,83,108,0,12,21883825.471910,71,116,0,12,21709184.669983,18,100,0,1,21098201.428454,93,124,2,1,36129252.520445,62,144,0,12,22355703.022086,67,140,0,12,19068232.560409,
3,1553680277,0.989000,66,108,0,12,23527582.690023,61,140,0,12,21106182.798369,84,144,0,12,19782226.210403,
22,1553680278,0.189000,24,144,0,1,19093866.068433,33,128,0,1,18379562.370771,13,152,0,1,17812434.387232,28,152,0,1,18184147.757384,15,148,0,1,17602118.290358,30,132,0,1,20736541.442847,20,124,0,1,19888203.714290,17,140,0,1,19884569.497043,43,160,0,1,15948757.241236,34,172,0,1,16801219.297756,44,156,0,1,17437917.564051,42,152,0,1,18555707.990787,52,140,0,1,18562117.900231,10,116,0,1,20887523.972471,35,88,0,1,19883685.687653,11,124,0,1,20781318.282762,83,108,0,12,21883937.833862,71,116,0,12,21709150.624608,18,100,0,1,21098154.365217,93,124,2,1,36129257.040052,62,144,0,12,22355811.492639,67,140,0,12,19068243.152691,
3,1553680278,0.189000,66,108,0,12,23527493.973116,61,140,0,12,21106114.236463,84,144,0,12,19782265.857297,
22,1553680278,0.389000,24,144,0,1,19093755.957559,33,128,0,1,18379713.681609,13,152,0,1,17812522.266529,28,152,0,1,18184215.848133,15,148,0,1,17602139.021217,30,132,0,1,20736677.170640,20,124,0,1,19888206.942580,17,140,0,1,19884471.915425,43,160,0,1,15948768.601328,34,172,0,1,16801200.626023,44,156,0,1,17437813.525852,42,152,0,1,18555847.103923,52,140,0,1,18562063.211248,10,112,0,1,20887448.849284,35,88,0,1,19883542.892521,11,124,0,1,20781293.206799,83,108,0,12,21884051.103225,71,116,0,12,21709117.573896,18,100,0,1,21098107.354330,93,124,2,1,36129261.489857,62,144,0,12,22355920.381998,67,140,0,12,19068253.465770,
3,1553680278,0.389000,66,108,0,12,23527406.756927,61,140,0,12,21106045.569857,84,144,0,12,19782305.713595,
22,1553680278,0.589000,24,144,0,1,19093645.724534,33,128,0,1,18379866.842170,13,152,0,1,17812610.110925,28,152,0,1,18184283.834182,15,148,0,1,17602159.664824,30,132,0,1,20736813.020585,20,124,0,1,19888210.135970,17,140,0,1,19884374.264007,43,160,0,1,15948780.013770,34,168,0,1,16801182.076441,44,156,0,1,17437709.540005,42,152,0,1,18555986.304310,52,140,0,1,18562008.574616,10,116,0,1,20887376.256378,35,92,0,1,19883400.725597,11,120,0,1,20781268.183186,83,112,0,12,21884163.308125,71,116,0,12,21709077.927001,18,100,0,1,21098060.116591,93,124,2,1,36129265.922213,62,144,0,12,22356029.009604,67,140,0,12,19068264.005701,
3,1553680278,0.589000,66,108,0,12,23527318.964882,61,140,0,12,21105976.868349,84,144,0,12,19782345.395390,
22,1553680278,0.789000,24,144,0,1,19093535.474058,33,128,0,1,18380020.945043,13,148,0,1,17812697.937871,28,152,0,1,18184351.837680,15,148,0,1,17602180.325882,30,132,0,1,20736948.678578,20,124,0,1,19888213.748165,17,140,0,1,19884276.804541,43,160,0,1,15948791.443663,34,168,0,1,16801163.369808,44,156,0,1,17437605.554157,42,152,0,1,18556125.417445,52,140,0,1,18561953.833283,10,112,0,1,20887304.221879,35,92,0,1,19883258.419071,11,120,0,1,20781243.211925,83,112,0,12,21884275.390874,71,116,0,12,21709041.839951,18,100,0,1,21098012.302994,93,124,2,1,36129270.441819,62,144,0,12,22356137.497607,67,136,0,12,19068274.615434,
3,1553680278,0.789000,66,108,0,12,23527231.748694,61,140,0,12,21105908.009790,84,144,0,12,19782385.321488,
22,1553680278,0.989000,24,144,0,1,19093425.345734,33,128,0,1,18380174.978115,13,152,0,1,17812785.764817,28,152,0,1,18184419.666676,15,148,0,1,17602201.004390,30,132,0,1,20737084.336571,20,124,0,1,19888215.458286,17,144,0,1,19884179.275274,43,160,0,1,15948802.891006,34,168,0,1,16801144.680625,44,156,0,1,17437501.638111,42,152,0,1,18556264.705083,52,140,0,1,18561899.091950,10,112,0,1,20887232.361882,35,92,0,1,19883115.693740,11,120,0,1,20781218.083611,83,112,0,12,21884387.805176,71,116,0,12,21709007.812026,18,100,0,1,21097964.751151,93,124,2,1,36129275.031226,62,144,0,12,22356246.282265,67,136,0,12,19068285.085565,
3,1553680278,0.989000,66,108,0,12,23527144.532505,61,140,0,12,21105839.395534,84,144,0,12,19782425.282487,
22,1553680279,0.189000,24,144,0,1,19093315.165059,33,128,0,1,18380326.603057,13,152,0,1,17812873.661564,28,152,0,1,18184487.530573,15,152,0,1,17602221.735249,30,132,0,1,20737219.994564,20,124,0,1,19888219.000681,17,144,0,1,19884081.850708,43,160,0,1,15948814.320898,34,168,0,1,16801125.991441,44,156,0,1,17437397.669713,42,152,0,1,18556403.835669,52,140,0,1,18561844.333167,10,112,0,1,20887160.676388,35,92,0,1,19882972.549604,11,120,0,1,20781193.042549,83,112,0,12,21884499.905375,71,116,0,12,21708968.740989,18,100,0,1,21097917.251658,93,124,2,1,36129279.620634,62,144,0,12,22356355.206524,67,136,0,12,19068295.765098,
3,1553680279,0.189000,66,108,0,12,23527056.321655,61,140,0,12,21105770.414823,84,144,0,12,19782465.034083,
22,1553680279,0.389000,24,144,0,1,19093205.089085,33,128,0,1,18380477.896445,13,152,0,1,17812961.575760,28,152,0,1,18184555.534072,15,152,0,1,17602242.343956,30,132,0,1,20737355.670007,20,124,0,1,19888222.543075,17,144,0,1,19883984.356342,43,160,0,1,15948825.733341,34,168,0,1,16801107.406959,44,156,0,1,17437293.666416,42,152,0,1,18556542.966255,52,140,0,1,18561789.626734,10,112,0,1,20887089.531850,35,92,0,1,19882830.277979,11,120,0,1,20781167.896785,83,112,0,12,21884612.267327,71,116,0,12,21708932.165333,18,100,0,1,21097869.385711,93,124,2,1,36129284.244941,62,144,0,12,22356463.764328,67,136,0,12,19068306.409731,
3,1553680279,0.389000,66,108,0,12,23526967.901401,61,140,0,12,21105701.695866,84,144,0,12,19782504.995081,
22,1553680279,0.589000,24,144,0,1,19093095.030562,33,128,0,1,18380633.063781,13,152,0,1,17813049.577209,28,152,0,1,18184623.572471,15,152,0,1,17602263.074815,30,132,0,1,20737491.327999,20,124,0,1,19888225.823716,17,144,0,1,19883887.001577,43,160,0,1,15948837.215584,34,168,0,1,16801088.892278,44,156,0,1,17437189.715469,42,152,0,1,18556682.079391,52,140,0,1,18561734.990103,10,112,0,1,20887017.671853,35,92,0,1,19882687.500297,11,120,0,1,20781141.564407,83,112,0,12,21884723.983621,71,116,0,12,21708897.072945,18,100,0,1,21097822.200322,93,124,2,1,36129288.799448,62,144,0,12,22356572.322133,67,136,0,12,19068317.141615,
3,1553680279,0.589000,66,108,0,12,23526880.318759,61,140,0,12,21105633.116510,84,144,0,12,19782544.607075,
22,1553680279,0.789000,24,144,0,1,19092984.884788,33,128,0,1,18380784.374619,13,152,0,1,17813137.526306,28,152,0,1,18184691.541069,15,152,0,1,17602283.788223,30,132,0,1,20737626.985992,20,124,0,1,19888228.231846,17,144,0,1,19883789.489760,43,160,0,1,15948848.680377,34,168,0,1,16801070.185645,44,156,0,1,17437085.590019,42,152,0,1,18556821.209977,52,140,0,1,18561680.388371,10,112,0,1,20886946.317913,35,92,0,1,19882544.984369,11,120,0,1,20781114.062863,83,108,0,12,21884836.991231,71,116,0,12,21708860.514739,18,100,0,1,21097775.276687,93,120,0,1,36129293.214353,62,144,0,12,22356681.002089,67,136,0,12,19068327.507044,
3,1553680279,0.789000,66,108,0,12,23526792.125358,61,140,0,12,21105564.467354,84,144,0,12,19782584.201620,
22,1553680279,0.989000,24,144,0,1,19092874.599412,33,128,0,1,18380936.819721,13,152,0,1,17813225.353252,28,152,0,1,18184759.422416,15,152,0,1,17602304.536532,30,132,0,1,20737762.661435,20,124,0,1,19888230.290971,17,140,0,1,19883691.977943,43,160,0,1,15948860.092819,34,168,0,1,16801051.479012,44,152,0,1,17436981.656522,42,156,0,1,18556960.340563,52,140,0,1,18561625.751740,10,112,0,1,20886873.480704,35,96,0,1,19882402.677843,11,120,0,1,20781086.299567,83,108,0,12,21884948.515573,71,116,0,12,21708825.352550,18,100,0,1,21097728.579904,93,120,0,1,36129297.716509,62,144,0,12,22356789.594794,67,136,0,12,19068337.924824,
3,1553680279,0.989000,66,112,0,12,23526704.263512,61,140,0,12,21105495.730946,84,144,0,12,19782623.970666,
22,1553680280,0.189000,24,144,0,1,19092764.348936,33,128,0,1,18381091.166897,13,152,0,1,17813313.267449,28,152,0,1,18184827.251412,15,152,0,1,17602325.319741,30,132,0,1,20737898.371778,20,128,0,1,19888232.995755,17,140,0,1,19883594.483577,43,160,0,1,15948871.522712,34,168,0,1,16801032.737478,44,152,0,1,17436877.775376,42,156,0,1,18557099.506050,52,140,0,1,18561571.080207,10,112,0,1,20886801.707959,35,96,0,1,19882260.458569,11,124,0,1,20781061.433007,83,108,0,12,21885060.929876,71,116,0,12,21708787.607729,18,104,0,1,21097681.359615,93,124,0,1,36129302.288466,62,144,0,12,22356898.187499,67,136,0,12,19068348.534556,
3,1553680280,0.189000,66,112,0,12,23526615.564055,61,140,0,12,21105426.907287,84,144,0,12,19782663.739712,
22,1553680280,0.389000,24,144,0,1,19092654.098460,33,128,0,1,18381243.769051,13,152,0,1,17813401.181646,28,152,0,1,18184895.080409,15,152,0,1,17602346.102951,30,132,0,1,20738033.942520,20,124,0,1,19888237.096556,17,140,0,1,19883496.971760,43,160,0,1,15948882.935154,34,168,0,1,16801013.978494,44,152,0,1,17436773.806979,42,156,0,1,18557238.654086,52,140,0,1,18561516.443576,10,112,0,1,20886727.771386,35,92,0,1,19882117.890290,11,124,0,1,20781038.695373,83,108,0,12,21885173.064975,71,116,0,12,21708750.438765,18,104,0,1,21097634.296378,93,120,0,1,36129306.738272,62,144,0,12,22357006.553351,67,136,0,12,19068358.917436,
3,1553680280,0.389000,66,112,0,12,23526528.173365,61,140,0,12,21105358.188330,84,144,0,12,19782703.473858,
22,1553680280,0.589000,24,144,0,1,19092543.865435,33,128,0,1,18381395.516145,13,152,0,1,17813489.130743,28,152,0,1,18184963.049007,15,152,0,1,17602366.711658,30,132,0,1,20738169.635413,20,128,0,1,19888241.179907,17,140,0,1,19883399.425043,43,160,0,1,15948894.260346,34,168,0,1,16800995.341661,44,152,0,1,17436669.786231,42,156,0,1,18557377.837023,52,140,0,1,18561461.789494,10,112,0,1,20886654.672424,35,96,0,1,19881975.409262,11,124,0,1,20781012.764349,83,108,0,12,21885285.845732,71,116,0,12,21708715.119524,18,100,0,1,21097587.180790,93,120,3,1,36129311.205528,62,144,0,12,22357115.163506,67,136,0,12,19068369.282865,
3,1553680280,0.589000,66,112,0,12,23526440.800124,61,140,0,12,21105289.469372,84,144,0,12,19782743.208004,
22,1553680280,0.789000,24,144,0,1,19092433.492808,33,128,0,1,18381546.600130,13,152,0,1,17813577.010040,28,152,0,1,18185030.843103,15,152,0,1,17602387.564668,30,132,0,1,20738305.310856,20,128,0,1,19888242.558474,17,140,0,1,19883301.930676,43,160,0,1,15948905.742589,34,168,0,1,16800976.722279,44,156,0,1,17436565.800384,42,156,0,1,18557517.054860,52,140,0,1,18561407.048161,10,112,0,1,20886581.224458,35,92,0,1,19881832.265126,11,124,0,1,20780987.025278,83,108,0,12,21885397.823779,71,116,0,12,21708680.079487,18,100,0,1,21097540.152453,93,120,2,1,36129315.794935,62,144,0,12,22357223.878363,67,136,0,12,19068379.543593,
3,1553680280,0.789000,66,112,0,12,23526352.973178,61,140,0,12,21105220.802765,84,144,0,12,19782783.116652,
22,1553680280,0.989000,24,144,0,1,19092323.242332,33,128,0,1,18381699.237184,13,152,0,1,17813664.784635,28,152,0,1,18185098.811701,15,156,0,1,17602408.243176,30,132,0,1,20738441.003749,20,128,0,1,19888243.745089,17,140,0,1,19883204.575912,43,160,0,1,15948917.085231,34,168,0,1,16800958.085446,44,156,0,1,17436461.727285,42,156,0,1,18557656.237797,52,140,0,1,18561352.463880,10,112,0,1,20886507.741591,35,92,0,1,19881689.504895,11,124,0,1,20780960.605649,83,108,0,12,21885510.203181,71,116,0,12,21708640.153389,18,100,0,1,21097492.024753,93,120,2,1,36129320.192390,62,144,0,12,22357332.610670,67,136,0,12,19068389.978823,
3,1553680280,0.989000,66,112,0,12,23526264.448224,61,140,0,12,21105152.048907,84,144,0,12,19782822.746096,
22,1553680281,0.189000,24,144,0,1,19092213.061657,33,132,0,1,18381851.560135,13,152,0,1,17813752.698832,28,152,0,1,18185166.815199,15,156,0,1,17602428.956584,30,132,0,1,20738576.714092,20,128,0,1,19888246.606925,17,140,0,1,19883107.064095,43,160,0,1,15948928.584924,34,168,0,1,16800939.326462,44,156,0,1,17436357.811238,42,156,0,1,18557795.368383,52,140,0,1,18561297.931949,10,112,0,1,20886434.345975,35,92,0,1,19881546.430559,11,124,0,1,20780934.604824,83,108,0,12,21885622.704735,71,116,0,12,21708603.019326,18,100,0,1,21097443.914502,93,124,2,1,36129324.729446,62,144,0,12,22357441.273175,67,136,0,12,19068400.379153,
3,1553680281,0.189000,66,112,0,12,23526176.708529,61,140,0,12,21105083.347400,84,144,0,12,19782862.410441,
22,1553680281,0.389000,24,144,0,1,19092102.846082,33,132,0,1,18382003.272328,13,152,0,1,17813840.543228,28,152,0,1,18185234.731447,15,156,0,1,17602449.704893,30,132,0,1,20738712.372085,20,128,0,1,19888252.382947,17,140,0,1,19883009.517378,43,160,0,1,15948940.032267,34,168,0,1,16800920.637279,44,156,0,1,17436253.982443,42,156,0,1,18557934.656021,52,140,0,1,18561243.312768,10,112,0,1,20886362.171874,35,92,0,1,19881403.042120,11,124,0,1,20780911.099381,83,108,0,12,21885734.455930,71,116,0,12,21708567.054427,18,96,0,1,21097395.577399,93,124,2,1,36129329.231603,62,144,0,12,22357549.813530,67,136,0,12,19068410.692232,
3,1553680281,0.389000,66,112,0,12,23526090.452103,61,140,0,12,21105014.942547,84,144,0,12,19782902.179487,
22,1553680281,0.589000,24,144,0,1,19091992.630507,33,132,0,1,18382154.007309,13,152,0,1,17813928.474875,28,152,0,1,18185302.630244,15,156,0,1,17602470.348501,30,132,0,1,20738847.925377,20,128,0,1,19888256.570999,17,140,0,1,19882912.075362,43,160,0,1,15948951.374908,34,168,0,1,16800902.000446,44,156,0,1,17436149.979145,42,156,0,1,18558073.838957,52,140,0,1,18561188.623785,10,112,0,1,20886290.486380,35,92,0,1,19881260.194638,11,124,0,1,20780887.367085,83,108,0,12,21885846.276925,71,116,0,12,21708530.600922,18,96,0,1,21097347.484599,93,124,2,1,36129333.751209,62,144,0,12,22357658.318984,67,136,0,12,19068420.970410,
3,1553680281,0.589000,66,112,0,12,23526002.572806,61,140,0,12,21104946.153788,84,144,0,12,19782941.878733,
22,1553680281,0.789000,24,144,0,1,19091882.606884,33,132,0,1,18382306.906117,13,152,0,1,17814016.476323,28,152,0,1,18185370.616292,15,156,0,1,17602491.149160,30,132,0,1,20738983.531019,20,128,0,1,19888261.003355,17,140,0,1,19882814.563545,43,160,0,1,15948962.769901,34,168,0,1,16800883.433415,44,156,0,1,17436046.063098,42,156,0,1,18558213.056794,52,140,0,1,18561134.056954,10,112,0,1,20886217.212916,35,92,0,1,19881117.731060,11,124,0,1,20780862.186421,83,108,0,12,21885958.656327,71,116,0,12,21708493.920564,18,96,0,1,21097299.810604,93,124,2,1,36129338.358067,62,144,0,12,22357766.946589,67,136,0,12,19068431.597593,
3,1553680281,0.789000,66,112,0,12,23525915.304267,61,136,0,12,21104877.417381,84,144,0,12,19782981.857181,
22,1553680281,0.989000,24,144,0,1,19091772.443659,33,132,0,1,18382457.641098,13,152,0,1,17814104.477771,28,152,0,1,18185438.637241,15,156,0,1,17602511.862569,30,132,0,1,20739119.206462,20,128,0,1,19888263.690688,17,140,0,1,19882717.016828,43,160,0,1,15948974.339395,34,168,0,1,16800864.918734,44,156,0,1,17435942.112151,42,156,0,1,18558352.292082,52,140,0,1,18561079.367972,10,112,0,1,20886144.009252,35,88,0,1,19880975.337283,11,124,0,1,20780838.489025,83,108,0,12,21886070.494773,71,116,0,12,21708459.107380,18,96,0,1,21097251.787605,93,120,2,1,36129342.877673,62,144,0,12,22357875.818498,67,136,0,12,19068442.556329,
3,1553680281,0.989000,66,112,0,12,23525827.180668,61,140,0,12,21104808.750774,84,144,0,12,19783021.940332,
22,1553680282,0.189000,24,144,0,1,19091662.332785,33,132,0,1,18382610.941260,13,152,0,1,17814192.496670,28,152,0,1,18185506.675640,15,156,0,1,17602532.663228,30,132,0,1,20739254.969156,20,128,0,1,19888266.308221,17,140,0,1,19882619.627163,43,160,0,1,15948985.821638,34,168,0,1,16800846.281901,44,152,0,1,17435838.248455,42,156,0,1,18558491.597170,52,140,0,1,18561024.801141,10,112,0,1,20886072.044554,35,88,0,1,19880833.624065,11,124,0,1,20780813.290910,83,108,0,12,21886182.071465,71,116,0,12,21708421.519611,18,96,0,1,21097204.200861,93,120,0,1,36129347.414730,62,144,0,12,22357984.585705,67,136,0,12,19068453.061360,
3,1553680282,0.189000,66,112,0,12,23525740.016830,61,140,0,12,21104740.136518,84,140,0,12,19783061.726828,
22,1553680282,0.389000,24,144,0,1,19091552.099760,33,132,0,1,18382762.636003,13,152,0,1,17814280.498118,28,152,0,1,18185574.644238,15,156,0,1,17602553.376637,30,132,0,1,20739390.696949,20,128,0,1,19888268.908303,17,140,0,1,19882522.062995,43,160,0,1,15948997.234081,34,168,0,1,16800827.749770,44,152,0,1,17435734.227707,42,156,0,1,18558630.832457,52,140,0,1,18560970.129609,10,112,0,1,20885999.381848,35,88,0,1,19880690.183275,11,124,0,1,20780786.103471,83,108,0,12,21886294.974374,71,116,0,12,21708384.821803,18,96,0,1,21097156.142962,93,124,0,1,36129352.108838,62,144,0,12,22358093.335462,67,136,0,12,19068463.496591,
3,1553680282,0.389000,66,112,0,12,23525652.451638,61,140,0,12,21104671.435010,84,144,0,12,19783101.687827,
22,1553680282,0.589000,24,144,0,1,19091441.901635,33,132,0,1,18382915.273058,13,152,0,1,17814368.394864,28,152,0,1,18185642.577936,15,156,0,1,17602574.229647,30,132,0,1,20739526.285141,20,128,0,1,19888273.462810,17,140,0,1,19882424.568629,43,160,0,1,15949008.611623,34,168,0,1,16800809.130388,44,152,0,1,17435630.172059,42,156,0,1,18558770.102645,52,140,0,1,18560915.423176,10,108,0,1,20885927.068145,35,88,0,1,19880547.684797,11,124,0,1,20780761.708067,83,108,0,12,21886406.359113,71,116,0,12,21708347.391086,18,96,0,1,21097108.678369,93,120,0,1,36129356.488843,62,144,0,12,22358201.893266,67,136,0,12,19068473.984172,
3,1553680282,0.589000,66,112,0,12,23525565.183099,61,140,0,12,21104602.716053,84,144,0,12,19783141.561574,
22,1553680282,0.789000,24,148,0,1,19091331.790761,33,132,0,1,18383068.224216,13,152,0,1,17814456.326512,28,152,0,1,18185710.651235,15,156,0,1,17602595.012856,30,132,0,1,20739661.908233,20,128,0,1,19888274.440022,17,140,0,1,19882327.178964,43,160,0,1,15949020.006615,34,172,0,1,16800790.476105,44,152,0,1,17435526.325813,42,156,0,1,18558909.425184,52,140,0,1,18560860.926146,10,108,0,1,20885855.400101,35,88,0,1,19880405.133969,11,124,0,1,20780735.183736,83,108,0,12,21886518.406962,71,116,0,12,21708310.989932,18,96,0,1,21097060.498318,93,124,3,1,36129361.008449,62,144,0,12,22358310.643023,67,136,0,12,19068484.663705,
3,1553680282,0.789000,66,112,0,12,23525477.705157,61,140,0,12,21104534.101797,84,144,0,12,19783181.417871,
22,1553680282,0.989000,24,148,0,1,19091221.627536,33,132,0,1,18383221.629080,13,152,0,1,17814544.310509,28,152,0,1,18185778.707084,15,156,0,1,17602615.848416,30,132,0,1,20739797.391724,20,128,0,1,19888278.122018,17,140,0,1,19882229.702047,43,160,0,1,15949031.541209,34,172,0,1,16800771.961424,44,152,0,1,17435422.409767,42,156,0,1,18559048.520869,52,140,0,1,18560806.376766,10,108,0,1,20885782.842096,35,88,0,1,19880262.007283,11,120,0,1,20780705.972071,83,108,0,12,21886631.083018,71,116,0,12,21708272.006145,18,96,0,1,21097012.440418,93,124,2,1,36129365.632757,62,144,0,12,22358419.357880,67,136,0,12,19068495.221087,
3,1553680282,0.989000,66,112,0,12,23525391.134627,61,140,0,12,21104465.504991,84,144,0,12,19783221.448671,
22,1553680283,0.189000,24,148,0,1,19091111.499212,33,128,0,1,18383374.178884,13,152,0,1,17814632.242157,28,152,0,1,18185846.780384,15,156,0,1,17602636.596725,30,132,0,1,20739933.032266,20,128,0,1,19888279.692538,17,140,0,1,19882132.137880,43,160,0,1,15949043.110703,34,172,0,1,16800753.481643,44,152,0,1,17435318.371568,42,156,0,1,18559187.703806,52,140,0,1,18560751.722684,10,112,0,1,20885710.388792,35,88,0,1,19880119.997411,11,120,0,1,20780681.437065,83,108,0,12,21886743.322818,71,116,0,12,21708237.524515,18,96,0,1,21096963.038852,93,124,2,1,36129370.169813,62,144,0,12,22358527.793533,67,136,0,12,19068505.830819,
3,1553680283,0.189000,66,112,0,12,23525304.773499,61,140,0,12,21104396.820934,84,144,0,12,19783261.322418,
22,1553680283,0.389000,24,148,0,1,19091001.266187,33,128,0,1,18383527.810601,13,152,0,1,17814720.121453,28,152,0,1,18185914.888583,15,156,0,1,17602657.432285,30,132,0,1,20740068.742610,20,128,0,1,19888280.512698,17,140,0,1,19882034.503912,43,160,0,1,15949054.680197,34,172,0,1,16800735.054213,44,152,0,1,17435214.315920,42,156,0,1,18559326.973994,52,140,0,1,18560697.051152,10,112,0,1,20885638.895249,35,88,0,1,19879977.184829,11,120,0,1,20780657.251063,83,108,0,12,21886856.435129,71,116,0,12,21708200.390452,93,124,2,1,36129374.794121,62,144,0,12,22358636.194285,67,136,0,12,19068516.353300,66,112,0,12,23525217.696913,
2,1553680283,0.389000,61,140,0,12,21104327.997275,84,144,0,12,19783301.021664,
22,1553680283,0.589000,24,148,0,1,19090891.207663,33,128,0,1,18383679.732196,13,152,0,1,17814808.175252,28,152,0,1,18185982.979333,15,156,0,1,17602678.198044,30,132,0,1,20740204.330801,20,128,0,1,19888285.660512,17,140,0,1,19881936.869944,43,160,0,1,15949066.214791,34,172,0,1,16800716.644234,44,152,0,1,17435110.522025,42,156,0,1,18559466.226731,52,136,0,1,18560642.484321,10,112,0,1,20885567.087603,35,88,0,1,19879834.162844,11,120,0,1,20780630.552230,83,108,0,12,21886968.325926,71,116,0,12,21708160.569055,93,124,2,1,36129379.592931,62,144,0,12,22358745.048744,67,136,0,12,19068526.945582,66,112,0,12,23525130.358573,
2,1553680283,0.589000,61,140,0,12,21104259.400469,84,144,0,12,19783340.773260,
22,1553680283,0.789000,24,148,0,1,19090781.096789,33,128,0,1,18383832.788056,13,152,0,1,17814895.984748,28,152,0,1,18186051.070083,15,156,0,1,17602698.911453,30,132,0,1,20740340.041145,20,128,0,1,19888289.674062,17,140,0,1,19881839.323226,43,160,0,1,15949077.697035,34,172,0,1,16800698.147003,44,152,0,1,17435006.553628,42,156,0,1,18559605.427118,52,136,0,1,18560587.934940,10,112,0,1,20885494.163144,35,88,0,1,19879691.402613,11,120,0,1,20780606.418579,83,108,0,12,21887081.054332,71,116,0,12,21708122.981286,93,124,2,1,36129384.199789,62,144,0,12,22358853.589098,67,136,0,12,19068537.555315,66,112,0,12,23525043.055134,
2,1553680283,0.789000,61,140,0,12,21104190.541910,84,144,0,12,19783380.542306,
22,1553680283,0.989000,24,148,0,1,19090671.003366,33,128,0,1,18383985.460011,13,152,0,1,17814984.003646,28,152,0,1,18186119.108482,15,156,0,1,17602719.781913,30,132,0,1,20740475.559536,20,128,0,1,19888293.460760,17,140,0,1,19881741.724159,43,160,0,1,15949089.249079,34,172,0,1,16800679.684672,44,152,0,1,17434902.497979,42,160,0,1,18559744.679856,52,136,0,1,18560533.298308,10,112,0,1,20885421.727290,35,88,0,1,19879548.171226,11,120,0,1,20780584.082300,83,108,0,12,21887192.962579,71,116,0,12,21708087.749296,93,124,2,1,36129388.701945,62,144,0,12,22358962.286504,67,136,0,12,19068548.025445,66,112,0,12,23524956.170499,
2,1553680283,0.989000,61,140,0,12,21104121.596100,84,144,0,12,19783420.416054,
22,1553680284,0.189000,24,148,0,1,19090560.717990,33,124,0,1,18384138.829975,13,152,0,1,17815071.935293,28,156,0,1,18186187.042179,15,156,0,1,17602740.600023,30,132,0,1,20740611.287329,20,128,0,1,19888297.212556,17,140,0,1,19881644.247242,43,160,0,1,15949100.853474,34,172,0,1,16800661.204892,44,152,0,1,17434798.512132,42,160,0,1,18559883.897693,52,136,0,1,18560478.644226,10,112,0,1,20885349.692791,35,84,0,1,19879405.550596,11,120,0,1,20780560.960762,83,108,0,12,21887304.801024,71,116,0,12,21708052.447506,93,124,2,1,36129393.169200,62,144,0,12,22359071.036261,67,136,0,12,19068558.792230,66,112,0,12,23524868.116701,
2,1553680284,0.189000,61,140,0,12,21104052.842242,84,144,0,12,19783460.324702,
22,1553680284,0.389000,24,148,0,1,19090450.642016,33,128,0,1,18384291.606631,13,152,0,1,17815159.936741,28,156,0,1,18186255.115479,15,160,0,1,17602761.453033,30,132,0,1,20740746.910422,20,128,0,1,19888301.383158,17,140,0,1,19881546.770326,43,160,0,1,15949112.265916,34,172,0,1,16800642.742561,44,152,0,1,17434694.491384,42,160,0,1,18560023.115530,52,136,0,1,18560424.077395,10,108,0,1,20885278.495902,35,84,0,1,19879263.488373,11,120,0,1,20780538.397630,83,108,0,12,21887416.377716,71,116,0,12,21708015.854399,93,124,2,1,36129397.653906,62,144,0,12,22359179.646416,67,136,0,12,19068569.384512,66,108,0,12,23524781.598521,
2,1553680284,0.389000,61,140,0,12,21103984.140735,84,144,0,12,19783500.442752,
22,1553680284,0.589000,24,148,0,1,19090340.531142,33,128,0,1,18384444.226236,13,152,0,1,17815247.746237,28,156,0,1,18186323.153878,15,160,0,1,17602782.480546,30,132,0,1,20740882.481163,20,128,0,1,19888302.395271,17,140,0,1,19881449.223609,43,160,0,1,15949123.852861,34,172,0,1,16800624.175530,44,152,0,1,17434590.592787,42,160,0,1,18560162.263566,52,136,0,1,18560369.405863,10,112,0,1,20885205.449291,35,84,0,1,19879120.937545,11,120,0,1,20780512.955213,83,108,0,12,21887527.273850,71,116,0,12,21707975.666548,93,124,2,1,36129402.278214,62,144,0,12,22359288.012269,67,136,0,12,19068579.872093,66,108,0,12,23524694.120580,
2,1553680284,0.589000,61,140,0,12,21103915.753331,84,144,0,12,19783540.264149,
22,1553680284,0.789000,24,148,0,1,19090230.420268,33,128,0,1,18384596.985442,13,152,0,1,17815335.782585,28,156,0,1,18186391.174826,15,160,0,1,17602803.351006,30,132,0,1,20741018.121706,20,128,0,1,19888306.234319,17,140,0,1,19881351.607091,43,160,0,1,15949135.474706,34,172,0,1,16800605.730650,44,152,0,1,17434486.659290,42,160,0,1,18560301.568654,52,136,0,1,18560314.926284,10,112,0,1,20885134.217502,35,84,0,1,19878978.613569,11,120,0,1,20780487.687298,83,104,0,12,21887638.850542,71,116,0,12,21707942.441333,93,124,2,1,36129406.919972,62,144,0,12,22359396.849277,67,136,0,12,19068590.551626,66,108,0,12,23524607.567500,
2,1553680284,0.789000,61,140,0,12,21103846.912222,84,144,0,12,19783580.260048,
22,1553680284,0.989000,24,148,0,1,19090120.239593,33,128,0,1,18384749.779548,13,152,0,1,17815423.784033,28,156,0,1,18186459.178325,15,160,0,1,17602824.186566,30,132,0,1,20741153.762248,20,128,0,1,19888308.555198,17,140,0,1,19881254.060374,43,160,0,1,15949146.956949,34,172,0,1,16800587.181068,44,152,0,1,17434382.725794,42,160,0,1,18560440.769041,52,136,0,1,18560260.516505,10,108,0,1,20885061.764198,35,84,0,1,19878835.835887,11,120,0,1,20780459.906551,83,108,0,12,21887751.526598,71,116,0,12,21707908.395958,93,124,2,1,36129411.544280,62,144,0,12,22359505.162778,67,136,0,12,19068601.143908,66,108,0,12,23524519.600952,
2,1553680284,0.989000,61,140,0,12,21103778.332867,84,144,0,12,19783619.906943,
22,1553680285,0.189000,24,148,0,1,19090010.146170,33,128,0,1,18384902.434053,13,152,0,1,17815511.942533,28,156,0,1,18186527.303975,15,160,0,1,17602845.004676,30,132,0,1,20741289.315540,20,132,0,1,19888311.870739,17,140,0,1,19881156.408955,43,160,0,1,15949158.456642,34,172,0,1,16800568.753638,44,152,0,1,17434278.792297,42,160,0,1,18560580.021779,52,136,0,1,18560206.002024,10,112,0,1,20884989.153842,35,84,0,1,19878693.948167,11,120,0,1,20780437.360870,83,108,0,12,21887863.748948,71,116,0,12,21707869.377271,93,124,2,1,36129416.098787,62,144,0,12,22359614.034687,67,136,0,12,19068611.491887,66,108,0,12,23524431.320301,
2,1553680285,0.189000,61,140,0,12,21103709.997814,84,144,0,12,19783659.972643,
22,1553680285,0.389000,24,148,0,1,19089899.965495,33,128,0,1,18385055.018757,13,152,0,1,17815599.978882,28,156,0,1,18186595.377274,15,160,0,1,17602865.787885,30,132,0,1,20741424.921182,20,132,0,1,19888314.488272,17,140,0,1,19881058.897138,43,160,0,1,15949170.043587,34,172,0,1,16800550.238957,44,152,0,1,17434174.806449,42,160,0,1,18560719.257066,52,136,0,1,18560151.313042,10,112,0,1,20884917.468348,35,84,0,1,19878552.182598,11,124,0,1,20780414.850089,83,108,0,12,21887975.343091,71,116,0,12,21707833.900979,93,124,2,1,36129420.618393,62,144,0,12,22359722.801894,67,136,0,12,19068621.892217,66,108,0,12,23524342.446342,
2,1553680285,0.389000,61,140,0,12,21103641.470809,84,144,0,12,19783699.863840,
22,1553680285,0.589000,24,148,0,1,19089789.802270,33,128,0,1,18385207.533660,13,152,0,1,17815687.945429,28,156,0,1,18186663.328422,15,160,0,1,17602886.623445,30,132,0,1,20741560.457023,20,132,0,1,19888317.576961,17,140,0,1,19880961.228270,43,160,0,1,15949181.682882,34,172,0,1,16800531.811527,44,152,0,1,17434070.855502,42,160,0,1,18560858.370202,52,136,0,1,18560096.816012,10,112,0,1,20884844.439186,35,88,0,1,19878410.451929,11,124,0,1,20780389.721775,83,108,0,12,21888087.879545,71,116,0,12,21707795.493049,93,124,2,1,36129425.068198,62,144,0,12,22359831.499300,67,132,0,12,19068632.589201,66,108,0,12,23524254.636846,
2,1553680285,0.589000,61,140,0,12,21103572.908903,84,144,0,12,19783739.580536,
22,1553680285,0.789000,24,148,0,1,19089679.569245,33,128,0,1,18385360.118364,13,156,0,1,17815775.824726,28,156,0,1,18186731.419172,15,160,0,1,17602907.267053,30,132,0,1,20741696.115016,20,132,0,1,19888320.857601,17,140,0,1,19880863.733903,43,160,0,1,15949193.182576,34,172,0,1,16800513.401548,44,156,0,1,17433966.939456,42,160,0,1,18560997.553139,52,132,0,1,18560042.284082,10,112,0,1,20884772.718791,35,88,0,1,19878268.093053,11,124,0,1,20780365.989479,83,108,0,12,21888200.782454,71,120,0,12,21707760.627514,93,124,2,1,36129429.552904,62,144,0,12,22359940.231607,67,132,0,12,19068643.146582,66,112,0,12,23524167.036753,
2,1553680285,0.789000,61,140,0,12,21103504.504050,84,144,0,12,19783779.244881,
22,1553680285,0.989000,24,148,0,1,19089569.336219,33,128,0,1,18385512.755419,13,156,0,1,17815863.721473,28,156,0,1,18186799.422670,15,160,0,1,17602927.997911,30,132,0,1,20741831.842809,20,132,0,1,19888324.714100,17,140,0,1,19880766.099935,43,160,0,1,15949204.699719,34,172,0,1,16800494.939217,44,156,0,1,17433862.936158,42,160,0,1,18561136.805876,52,132,0,1,18559987.664900,10,112,0,1,20884699.654730,35,88,0,1,19878125.961030,11,124,0,1,20780340.756464,83,108,0,12,21888313.929666,71,120,0,12,21707728.030508,93,124,2,1,36129434.107411,62,144,0,12,22360048.667260,67,132,0,12,19068653.808665,66,108,0,12,23524079.244707,
2,1553680285,0.989000,61,140,0,12,21103435.924694,84,148,0,12,19783819.136079,
22,1553680286,0.189000,24,148,0,1,19089459.050843,33,128,0,1,18385665.357573,13,156,0,1,17815951.722921,28,156,0,1,18186867.356368,15,160,0,1,17602948.955623,30,132,0,1,20741967.378650,20,132,0,1,19888327.017528,17,140,0,1,19880668.623019,43,160,0,1,15949216.199413,34,172,0,1,16800476.494337,44,156,0,1,17433758.967761,42,160,0,1,18561276.076064,52,132,0,1,18559933.045718,58,152,0,1,18383563.627685,10,112,0,1,20884628.021586,35,88,0,1,19877983.776655,11,124,0,1,20780315.820103,83,108,0,12,21888426.640622,71,120,0,12,21707687.458751,93,124,2,1,36129438.609567,62,144,0,12,22360157.155264,67,132,0,12,19068664.418398,
3,1553680286,0.189000,66,108,1,12,23523990.370748,61,140,0,12,21103367.292988,84,144,0,12,19783859.079627,
22,1553680286,0.389000,24,148,0,1,19089348.835268,33,128,0,1,18385818.029528,13,156,0,1,17816039.759269,28,156,0,1,18186935.290066,15,160,0,1,17602969.756282,30,132,0,1,20742103.001743,20,132,0,1,19888330.420321,17,140,0,1,19880571.215903,43,160,0,1,15949227.856158,34,172,0,1,16800458.136708,44,156,0,1,17433654.964463,42,160,0,1,18561415.206650,52,132,0,1,18559878.513788,58,152,0,1,18383529.023904,10,112,0,1,20884556.318641,35,88,0,1,19877841.714433,11,124,0,1,20780289.906530,83,108,0,12,21888539.840185,71,116,0,12,21707648.265562,93,124,2,1,36129443.094273,62,144,0,12,22360265.695618,67,132,0,12,19068675.028130,
3,1553680286,0.389000,66,108,0,12,23523902.596153,61,140,0,12,21103298.765983,84,144,0,12,19783899.092976,
22,1553680286,0.589000,24,148,0,1,19089238.741844,33,132,0,1,18385970.736383,13,156,0,1,17816127.725817,28,156,0,1,18187003.223763,15,160,0,1,17602990.644193,30,132,0,1,20742238.520134,20,132,0,1,19888333.456659,17,140,0,1,19880473.721537,43,164,0,1,15949239.512904,34,172,0,1,16800439.779079,44,156,0,1,17433551.048416,42,160,0,1,18561554.337236,52,132,0,1,18559823.929507,58,152,0,1,18383494.420122,10,112,0,1,20884484.685497,35,88,0,1,19877699.774362,11,124,0,1,20780263.888255,83,108,0,12,21888653.057197,71,120,0,12,21707616.698119,93,124,2,1,36129447.596430,62,144,0,12,22360374.235972,67,132,0,12,19068685.411010,
3,1553680286,0.589000,66,108,0,12,23523813.914147,61,140,0,12,21103230.361129,84,148,0,12,19783938.687520,
22,1553680286,0.789000,24,148,0,1,19089128.578620,33,132,0,1,18386123.390888,13,156,0,1,17816215.570213,28,156,0,1,18187071.174911,15,160,0,1,17603011.549554,30,132,0,1,20742374.160676,20,132,0,1,19888335.585585,17,140,0,1,19880376.244620,43,164,0,1,15949251.187099,34,172,0,1,16800421.491251,44,156,0,1,17433447.097469,42,160,0,1,18561693.607424,52,132,0,1,18559769.345226,58,152,0,1,18383459.851240,10,112,0,1,20884412.616098,35,88,0,1,19877557.467836,11,124,0,1,20780240.086158,83,108,0,12,21888764.895643,71,120,0,12,21707577.906284,93,124,2,1,36129452.116036,62,144,0,12,22360483.177682,67,132,0,12,19068695.950941,
3,1553680286,0.789000,66,108,0,12,23523727.448318,61,140,0,12,21103161.886475,84,148,0,12,19783978.526368,
22,1553680286,0.989000,24,148,0,1,19089018.415395,33,132,0,1,18386276.080293,13,152,0,1,17816303.536761,28,156,0,1,18187139.265661,15,160,0,1,17603032.367664,30,132,0,1,20742509.766318,20,132,0,1,19888339.651486,17,140,0,1,19880278.802605,43,164,0,1,15949262.878745,34,172,0,1,16800403.151072,44,156,0,1,17433343.251223,42,160,0,1,18561832.825261,52,132,0,1,18559714.760945,58,152,0,1,18383425.369610,10,112,0,1,20884340.459448,35,88,0,1,19877415.929120,11,124,0,1,20780214.661191,83,108,0,12,21888876.175681,71,120,0,12,21707543.162901,93,124,2,1,36129456.687993,62,144,0,12,22360591.805287,67,132,0,12,19068706.613024,
3,1553680286,0.989000,66,108,0,12,23523639.359619,61,140,0,12,21103093.359470,84,148,0,12,19784018.260513,
22,1553680287,0.189000,24,148,0,1,19088908.356872,33,132,0,1,18386428.856949,13,156,0,1,17816391.555659,28,156,0,1,18187207.304060,15,160,0,1,17603053.238124,30,132,0,1,20742645.337060,20,132,0,1,19888342.565672,17,140,0,1,19880181.255887,43,164,0,1,15949274.535491,34,172,0,1,16800384.775993,44,156,0,1,17433239.370077,42,160,0,1,18561972.043098,52,132,0,1,18559660.281365,58,152,0,1,18383390.835629,10,112,0,1,20884268.110845,35,88,0,1,19877273.203789,11,124,0,1,20780191.452401,83,108,0,12,21888988.206079,71,120,0,12,21707501.875686,93,124,2,1,36129461.190149,62,144,0,12,22360700.240940,67,132,0,12,19068717.449609,
3,1553680287,0.189000,66,108,0,12,23523551.550123,61,140,0,12,21103024.553261,84,148,0,12,19784058.169161,
22,1553680287,0.389000,24,148,0,1,19088798.228548,33,132,0,1,18386581.494004,13,156,0,1,17816479.592007,28,156,0,1,18187275.342459,15,160,0,1,17603074.160935,30,128,0,1,20742780.995052,20,132,0,1,19888345.514759,17,140,0,1,19880083.744071,43,164,0,1,15949286.070085,34,176,0,1,16800366.540515,44,156,0,1,17433135.454030,42,160,0,1,18562111.208585,52,132,0,1,18559605.714534,58,152,0,1,18383356.266748,10,112,0,1,20884196.041446,35,92,0,1,19877131.159017,11,124,0,1,20780168.051659,83,108,0,12,21889099.521018,71,116,0,12,21707467.184653,93,124,2,1,36129465.762106,62,144,0,12,22360808.885996,67,132,0,12,19068727.919740,
3,1553680287,0.389000,66,108,0,12,23523463.758078,61,140,0,12,21102956.008806,84,148,0,12,19784098.147610,
22,1553680287,0.589000,24,148,0,1,19088687.943172,33,132,0,1,18386734.131059,13,156,0,1,17816567.645806,28,156,0,1,18187343.450659,15,160,0,1,17603094.926694,30,128,0,1,20742916.530894,20,132,0,1,19888348.987352,17,140,0,1,19879986.249704,43,164,0,1,15949297.814081,34,176,0,1,16800348.322488,44,156,0,1,17433031.625235,42,160,0,1,18562250.286820,52,132,0,1,18559551.200054,58,156,0,1,18383321.767667,10,112,0,1,20884122.872683,35,92,0,1,19876988.398785,11,124,0,1,20780144.406614,83,108,0,12,21889212.615879,71,116,0,12,21707429.684135,93,124,2,1,36129470.281713,62,144,0,12,22360917.443800,67,132,0,12,19068738.512022,
3,1553680287,0.589000,66,108,0,12,23523375.233123,61,136,0,12,21102887.429450,84,148,0,12,19784138.091159,
22,1553680287,0.789000,24,144,0,1,19088577.832298,33,132,0,1,18386886.837914,13,156,0,1,17816655.786856,28,156,0,1,18187411.646110,15,160,0,1,17603115.866955,30,128,0,1,20743052.101635,20,132,0,1,19888351.674686,17,140,0,1,19879888.511035,43,164,0,1,15949309.453376,34,176,0,1,16800330.087010,44,156,0,1,17432927.778989,42,160,0,1,18562389.557008,52,132,0,1,18559496.703024,58,156,0,1,18383287.163886,10,112,0,1,20884051.256989,35,92,0,1,19876845.987558,11,124,0,1,20780121.023322,83,108,0,12,21889324.297273,71,116,0,12,21707392.916526,93,124,2,1,36129474.644267,62,144,0,12,22361026.211007,67,132,0,12,19068749.348607,
3,1553680287,0.789000,66,108,0,12,23523287.475978,61,140,0,12,21102818.989696,84,148,0,12,19784178.034707,
22,1553680287,0.989000,24,144,0,1,19088467.686523,33,132,0,1,18387039.614570,13,156,0,1,17816743.788304,28,156,0,1,18187479.597258,15,160,0,1,17603136.859567,30,128,0,1,20743187.654927,20,132,0,1,19888354.693574,17,140,0,1,19879791.069019,43,164,0,1,15949321.302074,34,176,0,1,16800311.921334,44,156,0,1,17432823.897843,42,160,0,1,18562528.792295,52,132,0,1,18559442.258345,58,156,0,1,18383252.612455,10,112,0,1,20883980.217153,35,92,0,1,19876703.366929,11,124,0,1,20780096.121862,83,108,0,12,21889435.577311,71,116,0,12,21707356.829476,93,124,2,1,36129479.111523,62,144,0,12,22361134.995665,67,132,0,12,19068759.679136,
3,1553680287,0.989000,66,108,0,12,23523199.282577,61,140,0,12,21102750.741895,84,148,0,12,19784217.943355,
22,1553680288,0.189000,24,144,0,1,19088357.558199,33,132,0,1,18387192.286525,13,156,0,1,17816831.772302,28,156,0,1,18187547.705457,15,160,0,1,17603157.625327,30,128,0,1,20743323.295469,20,132,0,1,19888358.148717,17,140,0,1,19879693.644453,43,164,0,1,15949332.941370,34,176,0,1,16800293.668406,44,156,0,1,17432720.121398,42,160,0,1,18562668.062483,52,132,0,1,18559387.848566,58,156,0,1,18383217.991223,10,112,0,1,20883908.653810,35,92,0,1,19876561.409407,11,124,0,1,20780071.482154,83,108,0,12,21889547.014402,71,116,0,12,21707321.039079,93,124,2,1,36129483.578779,62,144,0,12,22361243.850123,67,132,0,12,19068770.463371,
3,1553680288,0.189000,66,108,0,12,23523111.316030,61,140,0,12,21102682.127638,84,148,0,12,19784257.729851,
22,1553680288,0.389000,24,144,0,1,19088247.377524,33,132,0,1,18387344.958480,13,156,0,1,17816919.826101,28,156,0,1,18187615.970709,15,160,0,1,17603178.495787,30,128,0,1,20743459.023263,20,128,0,1,19888360.905851,17,140,0,1,19879596.132636,43,164,0,1,15949344.737717,34,176,0,1,16800275.415478,44,156,0,1,17432616.397304,42,160,0,1,18562807.350121,52,132,0,1,18559333.456237,58,156,0,1,18383183.474692,10,112,0,1,20883836.933415,35,92,0,1,19876419.364635,11,124,0,1,20780047.226352,83,104,0,12,21889659.428705,71,120,0,12,21707283.835215,93,120,2,1,36129488.168186,62,144,0,12,22361352.425378,67,132,0,12,19068781.142904,
3,1553680288,0.389000,66,108,0,12,23523022.913227,61,140,0,12,21102613.373780,84,148,0,12,19784297.621049,
22,1553680288,0.589000,24,144,0,1,19088137.388802,33,132,0,1,18387497.717686,13,156,0,1,17817007.827549,28,156,0,1,18187684.026558,15,160,0,1,17603199.418598,30,128,0,1,20743594.628905,20,132,0,1,19888366.263068,17,140,0,1,19879498.620820,43,164,0,1,15949356.446813,34,176,0,1,16800257.267252,44,156,0,1,17432512.690660,42,160,0,1,18562946.567958,52,132,0,1,18559279.029008,58,156,0,1,18383148.993062,10,112,0,1,20883765.282821,35,92,0,1,19876276.953408,11,124,0,1,20780020.632220,83,104,0,12,21889772.069860,71,116,0,12,21707244.659476,93,120,2,1,36129492.548190,62,144,0,12,22361461.140234,67,132,0,12,19068791.700286,
3,1553680288,0.589000,66,108,0,12,23522934.719826,61,136,0,12,21102544.776975,84,148,0,12,19784337.372645,
22,1553680288,0.789000,24,144,0,1,19088027.365179,33,132,0,1,18387650.424542,13,156,0,1,17817095.846447,28,156,0,1,18187752.187109,15,160,0,1,17603220.323959,30,128,0,1,20743730.426499,20,132,0,1,19888367.153029,17,140,0,1,19879401.126453,43,164,0,1,15949368.260610,34,176,0,1,16800239.153926,44,156,0,1,17432408.931665,42,160,0,1,18563085.925397,52,132,0,1,18559224.566878,58,156,0,1,18383114.563782,10,112,0,1,20883694.051032,35,92,0,1,19876134.332779,11,124,0,1,20779996.777772,83,104,0,12,21889885.635877,71,116,0,12,21707210.003344,93,120,2,1,36129497.277199,62,144,0,12,22361570.099394,67,132,0,12,19068802.362369,
3,1553680288,0.789000,66,108,0,12,23522847.730491,61,136,0,12,21102476.407021,84,148,0,12,19784377.124241,
22,1553680288,0.989000,24,144,0,1,19087917.149604,33,132,0,1,18387803.183748,13,156,0,1,17817183.847895,28,156,0,1,18187820.330209,15,160,0,1,17603241.142069,30,128,0,1,20743866.014691,20,132,0,1,19888371.410882,17,140,0,1,19879303.562286,43,164,0,1,15949380.022057,34,176,0,1,16800221.075500,44,156,0,1,17432305.120320,42,160,0,1,18563225.247935,52,132,0,1,18559170.226900,58,156,0,1,18383080.064702,10,112,0,1,20883623.133347,35,96,0,1,19875992.846413,11,124,0,1,20779971.701809,83,104,0,12,21889997.456872,71,116,0,12,21707175.521714,93,120,0,1,36129501.971308,62,140,0,12,22361678.657199,67,132,0,12,19068813.024452,
3,1553680288,0.989000,66,108,0,12,23522760.270000,61,136,0,12,21102407.775315,84,148,0,12,19784417.155041,
22,1553680289,0.189000,24,144,0,1,19087807.056180,33,132,0,1,18387955.942954,13,156,0,1,17817272.023845,28,156,0,1,18187888.403509,15,160,0,1,17603262.117230,30,128,0,1,20744001.899537,20,132,0,1,19888375.092878,17,140,0,1,19879206.067919,43,164,0,1,15949391.766054,34,176,0,1,16800202.997074,44,156,0,1,17432201.361325,42,160,0,1,18563364.500673,52,132,0,1,18559115.852022,58,152,0,1,18383045.600522,10,112,0,1,20883551.919009,35,96,0,1,19875850.504987,11,124,0,1,20779947.027201,83,104,0,12,21890109.661772,71,116,0,12,21707136.223823,93,120,0,1,36129506.578166,62,144,0,12,22361787.110302,67,132,0,12,19068823.913388,
3,1553680289,0.189000,66,108,0,12,23522672.652456,61,136,0,12,21102339.492613,84,148,0,12,19784457.028788,
22,1553680289,0.389000,24,144,0,1,19087697.032557,33,132,0,1,18388108.719610,13,156,0,1,17817360.077644,28,156,0,1,18187956.529159,15,160,0,1,17603283.109842,30,128,0,1,20744137.574980,20,132,0,1,19888379.088978,17,140,0,1,19879108.765505,43,164,0,1,15949403.579851,34,176,0,1,16800184.883748,44,156,0,1,17432097.497629,42,160,0,1,18563503.753411,52,136,0,1,18559061.424793,58,152,0,1,18383011.171242,10,112,0,1,20883480.198614,35,100,0,1,19875708.739418,11,124,0,1,20779920.729723,83,104,0,12,21890222.268028,71,116,0,12,21707102.771756,93,120,0,1,36129511.115222,62,144,0,12,22361896.121812,67,132,0,12,19068834.400969,
3,1553680289,0.389000,66,108,0,12,23522584.825510,61,136,0,12,21102271.000508,84,148,0,12,19784496.937436,
22,1553680289,0.589000,24,144,0,1,19087586.991484,33,132,0,1,18388261.600968,13,156,0,1,17817448.253594,28,156,0,1,18188024.707159,15,160,0,1,17603304.032653,30,128,0,1,20744273.267873,20,132,0,1,19888383.486433,17,140,0,1,19879011.393290,43,164,0,1,15949415.411099,34,176,0,1,16800166.787873,44,156,0,1,17431993.703734,42,160,0,1,18563643.128300,52,132,0,1,18559006.980113,58,152,0,1,18382976.619811,10,116,0,1,20883408.216466,35,100,0,1,19875567.026200,11,124,0,1,20779895.531609,83,104,0,12,21890334.717231,71,116,1,12,21707063.962472,93,120,3,1,36129515.669729,62,144,0,12,22362004.784318,67,132,0,12,19068845.289905,
3,1553680289,0.589000,66,108,0,12,23522495.305893,61,136,0,12,21102202.403703,84,148,0,12,19784536.950785,
22,1553680289,0.789000,24,144,0,1,19087476.898060,33,128,0,1,18388414.377624,13,156,0,1,17817536.516796,28,156,0,1,18188092.832809,15,160,0,1,17603325.060166,30,128,0,1,20744408.890965,20,132,0,1,19888386.697273,17,140,0,1,19878913.864023,43,164,0,1,15949427.067844,34,176,0,1,16800148.657096,44,156,0,1,17431889.909839,42,160,0,1,18563782.503189,52,132,0,1,18558952.657585,58,152,0,1,18382942.260332,10,116,0,1,20883337.804837,35,100,0,1,19875424.998878,11,124,0,1,20779873.666486,83,104,0,12,21890448.108745,71,116,0,12,21707029.411040,93,120,2,1,36129520.136985,62,144,0,12,22362113.691127,67,132,0,12,19068856.178840,
3,1553680289,0.789000,66,108,0,12,23522408.019904,61,140,0,12,21102133.929048,84,148,0,12,19784576.981585,
22,1553680289,0.989000,24,144,0,1,19087366.822087,33,128,0,1,18388567.276432,13,156,0,1,17817624.553144,28,156,0,1,18188160.941009,15,160,0,1,17603346.140029,30,132,0,1,20744544.740910,20,132,0,1,19888391.600784,17,140,0,1,19878816.561609,43,164,0,1,15949438.759490,34,176,0,1,16800130.473969,44,156,0,1,17431786.028693,42,160,0,1,18563921.808277,52,132,0,1,18558898.404858,58,152,0,1,18382907.883403,10,116,0,1,20883265.944840,35,100,0,1,19875283.495062,11,124,0,1,20779851.312757,83,104,0,12,21890559.109581,71,116,0,12,21706995.522718,93,120,2,1,36129524.621691,62,144,0,12,22362222.493234,67,132,0,12,19068866.614071,
