obsCount, time1, time2, sat, SNR, LLI, code,P
20,1552384417,0.400000,13,156,0,1,20334909.875058,28,180,0,1,20977153.857401,30,188,0,1,21917457.453012,34,164,0,1,19534937.776946,43,164,0,1,19845716.710422,5,140,0,1,24313039.756245,15,184,0,1,21408913.775799,44,144,0,1,19484154.317107,7,84,0,1,24627211.085750,80,164,0,12,23600158.442256,78,128,0,12,24323079.588744,63,176,0,12,24775562.609195,86,168,0,12,25226378.113014,35,136,0,1,21566409.564807,60,148,0,12,26170854.884571,52,128,0,1,22319553.533996,33,96,0,1,22769594.642728,93,140,0,1,39424718.724241,20,124,2,1,23992970.654498,24,100,0,1,24660747.079979,
20,1552384417,0.600000,13,156,0,1,20334919.533754,28,180,0,1,20977152.391583,30,188,0,1,21917563.751013,34,164,0,1,19534974.108300,43,164,0,1,19845800.087563,5,144,0,1,24313187.324011,15,184,0,1,21408851.330195,44,144,0,1,19484107.733751,7,84,0,1,24627347.380676,80,164,0,12,23600150.214478,78,128,0,12,24323156.134124,63,176,0,12,24775517.029226,86,168,0,12,25226473.077099,35,136,0,1,21566294.218868,60,148,0,12,26170756.334467,52,128,0,1,22319528.998990,33,96,0,1,22769770.427496,93,140,0,1,39424726.088233,20,124,2,1,23992889.345209,24,100,0,1,24660614.946930,
21,1552384417,0.800000,13,156,0,1,20334929.131374,28,180,0,1,20977151.082817,30,188,0,1,21917669.961763,34,164,0,1,19535010.422203,43,164,0,1,19845883.569404,5,144,0,1,24313335.136080,15,184,0,1,21408788.526861,44,144,0,1,19484061.272546,8,108,3,1,24076729.492196,7,84,0,1,24627484.740065,80,164,0,12,23600141.951800,78,128,0,12,24323232.627154,63,176,0,12,24775471.545234,86,168,0,12,25226567.779431,35,136,0,1,21566178.715877,60,148,0,12,26170657.784362,52,128,0,1,22319503.949203,33,96,0,1,22769944.807522,93,140,0,1,39424733.574377,20,124,2,1,23992810.923930,24,100,0,1,24660482.124598,
21,1552384418,0.000000,13,156,0,1,20334938.711543,28,180,0,1,20977149.774050,30,188,0,1,21917776.198689,34,164,0,1,19535046.779732,43,160,0,1,19845966.859294,5,144,0,1,24313482.791098,15,184,0,1,21408726.081257,44,144,0,1,19484014.671740,8,108,2,1,24076807.163115,7,84,0,1,24627622.858538,80,164,0,12,23600133.828723,78,128,0,12,24323309.303411,63,176,0,12,24775426.165943,86,168,0,12,25226662.525388,35,136,0,1,21566063.273961,60,148,0,12,26170559.094655,52,128,0,1,22319479.335671,33,96,0,1,22770120.260736,93,140,0,1,39424740.912193,20,124,2,1,23992734.116797,24,100,0,1,24660349.197564,
21,1552384418,0.200000,13,156,0,1,20334948.378964,28,180,0,1,20977148.404208,30,188,0,1,21917882.339638,34,164,0,1,19535083.102360,43,160,0,1,19846050.297510,5,144,0,1,24313630.385039,15,184,0,1,21408663.609478,44,144,0,1,19483968.254161,8,108,2,1,24076883.839372,7,84,0,1,24627759.354141,80,164,0,12,23600125.548595,78,128,0,12,24323386.023293,63,176,0,12,24775380.655775,86,168,0,12,25226757.454572,35,136,0,1,21565947.805870,60,148,0,12,26170460.448575,52,132,0,1,22319453.875803,33,96,0,1,22770294.911240,93,140,0,1,39424748.407062,20,124,2,1,23992655.172012,24,100,0,1,24660215.642323,
21,1552384418,0.400000,13,156,0,1,20334957.950408,28,180,0,1,20977146.982016,30,188,0,1,21917988.463138,34,164,0,1,19535119.494789,43,160,0,1,19846133.770626,5,144,0,1,24313778.031332,15,184,0,1,21408600.945746,44,144,0,1,19483921.627179,8,108,2,1,24076961.274713,7,84,0,1,24627895.788669,80,164,0,12,23600117.512770,78,128,0,12,24323462.533773,63,176,0,12,24775334.971105,86,168,0,12,25226852.558259,35,136,0,1,21565832.521007,60,148,0,12,26170361.933370,52,132,0,1,22319428.607888,33,92,0,1,22770469.561745,93,140,0,1,39424755.631452,20,124,2,1,23992575.066787,24,100,0,1,24660082.497162,
21,1552384418,0.600000,13,156,0,1,20334967.600379,28,180,0,1,20977145.638349,30,188,0,1,21918094.700063,34,164,0,1,19535155.965744,43,160,0,1,19846217.287368,5,144,0,1,24313925.756150,15,184,0,1,21408538.308189,44,144,0,1,19483875.244500,8,108,2,1,24077037.759018,7,84,0,1,24628032.589651,80,164,0,12,23600109.389694,78,128,0,12,24323539.079153,63,176,0,12,24775289.330060,86,168,0,12,25226947.478718,35,136,0,1,21565717.131442,60,148,0,12,26170263.453066,52,132,0,1,22319403.261446,33,92,0,1,22770643.810894,93,140,0,1,39424762.908193,20,120,2,1,23992498.268379,24,100,0,1,24659950.625866,
21,1552384418,0.800000,13,156,0,1,20334977.328875,28,180,0,1,20977144.390658,30,188,0,1,21918200.910813,34,164,0,1,19535192.436699,43,160,0,1,19846300.751760,5,144,0,1,24314073.341366,15,184,0,1,21408475.635732,44,144,0,1,19483828.792021,8,108,2,1,24077113.623839,7,84,0,1,24628170.088641,80,164,0,12,23600101.083390,78,128,0,12,24323615.720509,63,176,0,12,24775244.081646,86,168,0,12,25227042.381728,35,136,0,1,21565601.846579,60,148,0,12,26170164.754635,52,132,0,1,22319377.862654,33,92,0,1,22770818.409048,93,140,0,1,39424770.307085,20,120,2,1,23992421.199492,24,100,0,1,24659817.070625,
21,1552384419,0.000000,13,156,0,1,20334986.970120,28,180,0,1,20977142.959740,30,188,0,1,21918307.095388,34,164,0,1,19535228.890204,43,160,0,1,19846384.137625,5,144,0,1,24314220.795706,15,184,0,1,21408413.216303,44,144,0,1,19483782.261015,8,108,2,1,24077190.718901,7,84,0,1,24628307.596357,80,164,0,12,23600093.030114,78,128,0,12,24323692.222264,63,176,0,12,24775198.510402,86,168,0,12,25227137.241111,35,136,0,1,21565486.491914,60,148,0,12,26170066.230706,52,132,0,1,22319352.498763,33,92,0,1,22770992.544770,93,140,0,1,39424777.671077,20,120,2,1,23992339.741876,24,100,0,1,24659684.230842,
22,1552384419,0.200000,13,156,0,1,20334996.506664,28,180,0,1,20977141.650974,30,188,0,1,21918413.288688,34,164,0,1,19535265.256458,43,160,0,1,19846467.619467,5,144,0,1,24314368.503074,15,184,0,1,21408350.587472,44,144,0,1,19483735.895787,8,108,2,1,24077267.482409,11,68,0,1,25307146.247095,7,84,0,1,24628444.187936,80,164,0,12,23600085.003014,78,128,0,12,24323768.689118,63,176,0,12,24775152.677405,86,168,0,12,25227231.917268,35,136,0,1,21565370.980198,60,148,0,12,26169967.689326,52,132,0,1,22319327.065071,33,92,0,1,22771167.553004,93,140,0,1,39424785.026344,20,120,2,1,23992261.451474,24,104,0,1,24659551.932016,
22,1552384419,0.400000,13,156,0,1,20335006.069384,28,180,0,1,20977140.307307,30,188,0,1,21918519.586690,34,164,0,1,19535301.640162,43,160,0,1,19846551.188560,5,144,0,1,24314516.166817,15,184,0,1,21408287.941190,44,144,0,1,19483689.408406,8,108,2,1,24077344.402969,11,68,0,1,25307053.935443,7,84,0,1,24628581.102345,80,164,0,12,23600076.827587,78,128,0,12,24323845.243223,63,176,0,12,24775107.114887,86,168,0,12,25227326.663225,35,136,0,1,21565255.616808,60,148,0,12,26169869.348624,52,132,0,1,22319301.770980,33,92,0,1,22771342.875342,93,144,0,1,39424792.591013,20,120,2,1,23992184.679241,24,104,0,1,24659418.612353,
22,1552384419,0.600000,13,156,0,1,20335015.841506,28,176,0,1,20977139.077067,30,188,0,1,21918625.736364,34,164,0,1,19535338.154742,43,160,0,1,19846634.792553,5,144,0,1,24314663.795659,15,184,0,1,21408225.495586,44,144,0,1,19483642.903576,8,108,2,1,24077421.236278,11,68,0,1,25306960.480802,7,84,0,1,24628717.859701,80,164,0,12,23600068.669610,78,128,0,12,24323921.771153,63,176,0,12,24775061.438942,86,168,0,12,25227421.766911,35,132,0,1,21565140.270869,60,148,0,12,26169770.868320,52,132,0,1,22319276.415814,33,92,0,1,22771518.311106,93,144,0,1,39424800.016081,20,120,2,1,23992108.090235,24,100,0,1,24659286.051774,
22,1552384419,0.800000,13,156,0,1,20335025.543827,28,176,0,1,20977137.436747,30,188,0,1,21918731.982015,34,164,0,1,19535374.712948,43,160,0,1,19846718.326745,5,144,0,1,24314811.494302,15,184,0,1,21408162.962731,44,144,0,1,19483596.381296,8,108,2,1,24077496.420541,11,68,0,1,25306869.940347,7,84,0,1,24628854.922436,80,164,0,12,23600060.546534,78,128,0,12,24323998.246732,63,176,0,12,24775015.736821,86,168,0,12,25227516.792072,35,132,0,1,21565024.951105,60,148,0,12,26169672.292040,52,132,0,1,22319251.008297,33,92,0,1,22771693.659619,93,140,0,1,39424807.432423,20,120,2,1,23992029.302502,24,100,0,1,24659154.293905,
22,1552384420,0.000000,13,156,0,1,20335035.263598,28,176,0,1,20977136.110530,30,188,0,1,21918838.140415,34,164,0,1,19535411.122828,43,164,0,1,19846801.782412,5,144,0,1,24314959.149319,15,184,0,1,21408100.421150,44,148,0,1,19483549.946266,8,108,2,1,24077574.222337,11,64,0,1,25306777.070288,7,84,0,1,24628991.697243,80,164,0,12,23600052.353657,78,128,0,12,24324074.809562,63,176,0,12,24774970.025976,86,168,0,12,25227611.878309,35,132,0,1,21564909.570265,60,148,0,12,26169573.619784,52,132,0,1,22319225.513528,33,92,0,1,22771868.048370,93,140,0,1,39424814.787690,20,124,2,1,23991952.163815,24,104,0,1,24659021.270895,
22,1552384420,0.200000,13,156,0,1,20335044.887393,28,176,0,1,20977134.723238,30,188,0,1,21918944.368615,34,164,0,1,19535447.768285,43,164,0,1,19846885.264253,5,144,0,1,24315106.725811,15,184,0,1,21408037.914471,44,148,0,1,19483503.537412,8,108,2,1,24077650.654290,11,64,0,1,25306685.910351,7,84,0,1,24629127.276710,80,164,0,12,23600044.056078,78,128,0,12,24324151.398568,63,176,0,12,24774924.402382,86,168,0,12,25227706.824943,35,132,0,1,21564794.102175,60,148,0,12,26169474.982428,52,132,0,1,22319200.324139,33,92,0,1,22772042.803575,93,140,0,1,39424822.177857,20,124,2,1,23991874.388194,24,104,0,1,24658888.596889,
22,1552384420,0.400000,13,156,0,1,20335054.493738,28,176,0,1,20977133.248694,30,188,0,1,21919050.710242,34,164,0,1,19535484.247965,43,164,0,1,19846968.780995,5,144,0,1,24315254.337203,15,184,0,1,21407975.337990,44,148,0,1,19483457.032582,8,108,2,1,24077728.054731,11,64,0,1,25306592.097980,7,80,0,1,24629263.266257,80,164,0,12,23600035.950452,78,128,0,12,24324228.031199,63,176,0,12,24774878.866038,86,168,0,12,25227801.823929,35,132,0,1,21564678.904562,60,148,0,12,26169376.214196,52,132,0,1,22319174.925347,33,92,0,1,22772216.616469,93,140,0,1,39424829.655275,20,124,2,1,23991794.841377,24,104,0,1,24658756.385315,
22,1552384420,0.600000,13,156,0,1,20335064.161158,28,176,0,1,20977132.018454,30,188,0,1,21919156.868642,34,164,0,1,19535520.745096,43,164,0,1,19847052.297737,5,144,0,1,24315401.922419,15,184,0,1,21407912.918561,44,148,0,1,19483410.632453,8,108,2,1,24077804.399434,11,60,0,1,25306499.829954,7,80,0,1,24629398.252416,80,164,0,12,23600027.984428,78,128,0,12,24324304.742356,63,176,0,12,24774833.320970,86,168,0,12,25227896.709488,35,132,0,1,21564563.462647,60,148,0,12,26169277.733892,52,132,0,1,22319149.727233,33,92,0,1,22772391.214623,93,140,0,1,39424837.158869,20,120,2,1,23991716.507349,24,104,0,1,24658623.772385,
22,1552384420,0.800000,13,156,0,1,20335073.854754,28,176,0,1,20977130.509010,30,188,0,1,21919263.175368,34,164,0,1,19535557.102624,43,164,0,1,19847135.901731,5,144,0,1,24315549.420385,15,184,0,1,21407850.385706,44,148,0,1,19483364.241049,8,112,2,1,24077881.511946,11,60,0,1,25306405.310849,7,80,0,1,24629533.308376,80,164,0,12,23600019.617048,78,128,0,12,24324381.436063,63,176,0,12,24774787.697376,86,168,0,12,25227991.350744,35,132,0,1,21564448.012006,60,148,0,12,26169179.009285,52,132,0,1,22319124.564019,33,88,0,1,22772566.528235,93,140,0,1,39424844.557761,20,120,2,1,23991640.284798,24,104,0,1,24658490.845351,
22,1552384421,0.000000,13,156,0,1,20335083.487275,28,176,0,1,20977129.217694,30,188,0,1,21919369.368668,34,164,0,1,19535593.451428,43,164,0,1,19847219.357397,5,144,0,1,24315697.223729,15,184,0,1,21407787.931376,44,148,0,1,19483317.954347,8,112,2,1,24077958.319079,11,64,0,1,25306311.734057,7,80,0,1,24629670.362386,80,164,0,12,23600011.432896,78,128,0,12,24324458.286822,63,176,0,12,24774742.082507,86,168,0,12,25228086.436980,35,132,0,1,21564332.543915,60,148,0,12,26169080.380654,52,132,0,1,22319099.121601,33,88,0,1,22772740.829735,93,140,0,1,39424851.991554,20,124,2,1,23991562.744756,24,104,0,1,24658358.555251,
22,1552384421,0.200000,13,156,0,1,20335093.276847,28,176,0,1,20977127.804226,30,188,0,1,21919475.579418,34,164,0,1,19535629.861307,43,164,0,1,19847302.673462,5,144,0,1,24315844.756595,15,184,0,1,21407725.319995,44,148,0,1,19483271.615293,8,108,2,1,24078036.138325,11,64,0,1,25306216.691446,7,80,0,1,24629806.125080,80,164,0,12,23600003.091692,78,128,0,12,24324534.718776,63,176,0,12,24774696.537438,86,168,0,12,25228181.287639,35,132,0,1,21564217.206701,60,148,0,12,26168981.760749,52,132,0,1,22319073.827511,33,88,0,1,22772915.811793,93,140,0,1,39424859.468972,20,124,2,1,23991483.834871,24,104,0,1,24658225.933596,
22,1552384421,0.400000,13,156,0,1,20335103.014068,28,176,0,1,20977126.382034,30,188,0,1,21919581.781444,34,164,0,1,19535666.463139,43,164,0,1,19847386.164028,5,144,0,1,24315992.507588,15,184,0,1,21407662.804590,44,148,0,1,19483225.424567,8,108,2,1,24078113.442790,11,60,0,1,25306121.570309,7,80,0,1,24629942.550883,80,164,0,12,23599995.003516,78,128,0,12,24324611.272881,63,176,0,12,24774650.896394,86,168,0,12,25228276.068496,35,132,0,1,21564101.808411,60,148,0,12,26168883.149568,52,132,0,1,22319048.550870,33,88,0,1,22773089.921341,93,140,0,1,39424866.876590,20,124,2,1,23991405.919649,24,104,0,1,24658093.948874,
22,1552384421,0.600000,13,156,0,1,20335112.794915,28,176,0,1,20977125.020917,30,188,0,1,21919688.000919,34,164,0,1,19535703.064971,43,164,0,1,19847469.776747,5,144,0,1,24316140.171331,15,184,0,1,21407600.271735,44,148,0,1,19483179.076789,8,108,2,1,24078190.162672,11,60,0,1,25306028.394871,7,80,0,1,24630078.749832,80,164,0,12,23599986.627412,78,128,0,12,24324688.114915,63,176,0,12,24774605.290250,86,168,0,12,25228371.067482,35,132,0,1,21563986.506098,60,148,0,12,26168784.477312,52,136,0,1,22319023.082278,33,84,0,1,22773263.969813,93,140,0,1,39424874.292932,20,124,2,1,23991326.137253,24,104,0,1,24657961.239968,
22,1552384421,0.800000,13,156,0,1,20335122.409985,28,176,0,1,20977123.668525,30,188,0,1,21919794.272745,34,164,0,1,19535739.614452,43,164,0,1,19847553.398190,5,148,0,1,24316287.904874,15,184,0,1,21407537.660353,44,148,0,1,19483132.685385,8,108,2,1,24078267.030881,11,60,0,1,25305934.416724,7,80,0,1,24630214.547426,80,164,0,12,23599978.425809,78,128,0,12,24324764.730096,63,176,0,12,24774559.570679,86,168,0,12,25228466.110093,35,132,0,1,21563871.099083,60,148,0,12,26168686.014459,52,136,0,1,22318997.674761,33,84,0,1,22773438.716293,93,140,0,1,39424881.744175,20,124,2,1,23991245.901152,24,104,0,1,24657828.312934,
22,1552384422,0.000000,13,156,0,1,20335132.033780,28,176,0,1,20977122.316133,30,188,0,1,21919900.466045,34,164,0,1,19535775.989431,43,164,0,1,19847637.010908,5,148,0,1,24316435.507541,15,184,0,1,21407475.066422,44,148,0,1,19483086.259081,8,108,2,1,24078343.637337,11,60,0,1,25305839.784193,7,80,0,1,24630349.708088,80,164,0,12,23599970.250382,78,128,0,12,24324841.502329,63,176,0,12,24774514.025611,86,168,0,12,25228560.960751,35,132,0,1,21563755.761869,60,148,0,12,26168587.874434,52,136,0,1,22318972.406845,33,84,0,1,22773613.052693,93,140,0,1,39424889.204144,20,124,2,1,23991167.122144,24,104,0,1,24657695.499327,
22,1552384422,0.200000,13,156,0,1,20335141.840803,28,176,0,1,20977120.911390,30,188,0,1,21920006.737871,34,164,0,1,19535812.504011,43,164,0,1,19847720.484025,5,148,0,1,24316583.136383,15,184,0,1,21407412.664444,44,148,0,1,19483039.876402,8,108,2,1,24078420.584072,11,60,0,1,25305748.502104,7,80,0,1,24630486.683572,80,164,0,12,23599962.040055,78,128,0,12,24324918.265837,63,176,0,12,24774468.436917,86,168,0,12,25228655.977187,35,132,0,1,21563640.450830,60,148,0,12,26168489.463931,52,136,0,1,22318947.008053,33,84,0,1,22773787.772999,93,140,0,1,39424896.533235,20,124,1,1,23991089.145846,24,100,0,1,24657562.240739,
22,1552384422,0.400000,13,160,0,1,20335151.490773,28,176,0,1,20977119.672425,30,188,0,1,21920112.843920,34,164,0,1,19535849.097118,43,164,0,1,19847803.948416,5,148,0,1,24316730.808851,15,184,0,1,21407350.210115,44,148,0,1,19482993.502448,8,108,2,1,24078496.309292,11,56,0,1,25305651.932599,7,80,0,1,24630623.135550,80,164,0,12,23599954.178732,78,128,0,12,24324995.055520,63,176,0,12,24774422.612645,86,168,0,12,25228750.880196,35,132,0,1,21563525.174691,60,148,0,12,26168390.896376,52,136,0,1,22318921.722688,33,84,0,1,22773963.487966,93,140,0,1,39424903.914677,20,124,0,1,23991012.111860,24,100,0,1,24657429.819762,
22,1552384422,0.600000,13,160,0,1,20335161.175644,28,176,0,1,20977118.171706,30,188,0,1,21920219.028495,34,164,0,1,19535885.777475,43,164,0,1,19847887.552409,5,148,0,1,24316878.385342,15,184,0,1,21407287.607458,44,148,0,1,19482947.215746,8,108,2,1,24078573.578856,11,56,0,1,25305559.350469,7,80,0,1,24630759.858006,80,164,0,12,23599946.160357,78,128,0,12,24325071.443848,63,176,0,12,24774377.172278,86,168,0,12,25228845.678504,35,136,0,1,21563409.846202,60,148,0,12,26168292.093243,52,136,0,1,22318896.550749,33,84,0,1,22774137.824366,93,140,0,1,39424911.287394,20,124,0,1,23990933.995960,24,100,0,1,24657297.669263,
22,1552384422,0.800000,13,160,0,1,20335170.895415,28,176,0,1,20977116.819314,30,188,0,1,21920325.282871,34,164,0,1,19535922.414208,43,164,0,1,19847971.313455,5,148,0,1,24317026.118886,15,184,0,1,21407225.135679,44,148,0,1,19482900.902868,8,108,2,1,24078650.935672,11,56,0,1,25305465.232719,7,84,0,1,24630894.626037,80,164,0,12,23599938.089631,78,128,0,12,24325148.076479,63,176,0,12,24774331.670836,86,168,0,12,25228940.564063,35,136,0,1,21563294.456637,60,148,0,12,26168193.473338,52,136,0,1,22318871.204307,33,84,0,1,22774312.221843,93,140,0,1,39424918.686286,20,124,0,1,23990857.476756,24,100,0,1,24657166.094621,
22,1552384423,0.000000,13,160,0,1,20335180.606461,28,176,0,1,20977115.536723,30,188,0,1,21920431.537247,34,164,0,1,19535959.007314,43,164,0,1,19848054.978524,5,148,0,1,24317173.800078,15,184,0,1,21407162.506847,44,148,0,1,19482854.607440,8,108,2,1,24078728.013283,11,56,0,1,25305372.772741,7,84,0,1,24631030.685385,80,164,0,12,23599929.888029,78,128,0,12,24325224.586959,63,176,0,12,24774285.942540,86,168,0,12,25229035.519423,35,136,0,1,21563179.224125,60,148,0,12,26168094.853432,52,136,0,1,22318845.849141,33,80,0,1,22774486.828721,93,140,0,1,39424926.085179,20,124,0,1,23990780.538746,24,100,0,1,24657032.809858,
22,1552384423,0.200000,13,160,0,1,20335190.177906,28,176,0,1,20977114.358834,30,188,0,1,21920537.939949,34,164,0,1,19535995.705122,43,160,0,1,19848138.783194,5,148,0,1,24317321.481271,15,184,0,1,21407100.069968,44,148,0,1,19482808.233486,8,108,2,1,24078804.820417,11,52,0,1,25305278.367063,7,80,0,1,24631166.273577,80,164,0,12,23599921.843478,78,128,0,12,24325301.420268,63,176,0,12,24774240.397472,86,168,0,12,25229130.658010,35,136,0,1,21563063.939261,60,148,0,12,26167996.198626,52,136,0,1,22318820.572501,33,80,0,1,22774660.964444,93,140,0,1,39424933.492796,20,124,0,1,23990703.199381,24,104,0,1,24656900.493582,
22,1552384423,0.400000,13,160,0,1,20335199.862777,28,176,0,1,20977112.945366,30,188,0,1,21920644.150700,34,164,0,1,19536032.210978,43,160,0,1,19848222.369737,5,148,0,1,24317469.206089,15,184,0,1,21407037.537113,44,148,0,1,19482762.016585,8,108,2,1,24078879.847628,11,52,0,1,25305181.474729,7,84,0,1,24631302.585953,80,164,0,12,23599913.685502,78,128,0,12,24325378.227401,63,176,0,12,24774194.686626,86,168,0,12,25229225.491218,35,136,0,1,21562948.584597,60,148,0,12,26167897.421669,52,136,0,1,22318795.164984,33,80,0,1,22774835.597498,93,140,0,1,39424940.926589,20,124,0,1,23990625.423760,24,104,0,1,24656767.941728,
22,1552384423,0.600000,13,160,0,1,20335209.521472,28,176,0,1,20977111.549349,30,188,0,1,21920750.457426,34,164,0,1,19536068.821534,43,160,0,1,19848306.060982,5,148,0,1,24317616.861107,15,184,0,1,21406975.152585,44,148,0,1,19482715.651356,8,108,2,1,24078955.721175,11,48,0,1,25305085.071001,7,80,0,1,24631438.645300,80,164,0,12,23599905.728202,78,128,0,12,24325455.086885,63,176,0,12,24774149.141558,86,168,0,12,25229320.010322,35,136,0,1,21562833.352084,60,148,0,12,26167799.080967,52,136,0,1,22318769.905793,33,80,0,1,22775010.692983,93,140,0,1,39424948.438908,20,124,0,1,23990546.636027,24,100,0,1,24656634.508638,
22,1552384423,0.800000,13,160,0,1,20335219.276144,28,176,0,1,20977110.109706,30,188,0,1,21920856.624551,34,164,0,1,19536105.423366,43,160,0,1,19848389.638799,5,152,0,1,24317764.446323,15,180,0,1,21406912.558654,44,148,0,1,19482669.434454,8,108,2,1,24079031.428944,11,48,0,1,25304989.871338,7,80,0,1,24631573.936839,80,164,0,12,23599897.744728,78,128,0,12,24325532.077246,63,176,0,12,24774103.544139,86,168,0,12,25229414.913331,35,136,0,1,21562718.006145,60,148,0,12,26167700.426161,52,136,0,1,22318744.463376,33,80,0,1,22775186.163647,93,140,0,1,39424955.890151,20,124,0,1,23990467.970445,24,100,0,1,24656501.476904,
22,1552384424,0.000000,13,160,0,1,20335229.048266,28,176,0,1,20977108.835840,30,188,0,1,21920962.913827,34,164,0,1,19536142.094999,43,160,0,1,19848473.190442,5,152,0,1,24317912.110066,15,180,0,1,21406850.034523,44,148,0,1,19482623.139027,8,108,2,1,24079107.983049,11,44,0,1,25304895.648887,7,84,0,1,24631709.123675,80,164,0,12,23599889.516950,78,128,0,12,24325608.535375,63,176,0,12,24774058.007796,86,168,0,12,25229509.580763,35,136,0,1,21562602.712556,60,148,0,12,26167601.945857,52,136,0,1,22318719.064584,33,76,0,1,22775361.259132,93,140,0,1,39424963.315218,20,128,0,1,23990387.804145,24,100,0,1,24656369.160628,
22,1552384424,0.200000,13,160,0,1,20335238.890189,28,176,0,1,20977107.623050,30,188,0,1,21921069.089677,34,164,0,1,19536178.653205,43,160,0,1,19848556.672284,5,152,0,1,24318059.704007,15,180,0,1,21406787.536569,44,148,0,1,19482576.703997,8,108,2,1,24079184.353927,11,40,0,1,25304801.286835,7,80,0,1,24631844.118560,80,164,0,12,23599881.463675,78,128,0,12,24325685.080755,63,176,0,12,24774012.401652,86,168,0,12,25229604.536123,35,136,0,1,21562487.427693,60,148,0,12,26167503.491728,52,136,0,1,22318693.779219,33,76,0,1,22775535.918362,93,140,0,1,39424970.749011,20,128,0,1,23990311.965499,24,100,0,1,24656236.259769,
22,1552384424,0.400000,13,160,0,1,20335248.566334,28,176,0,1,20977106.453885,30,188,0,1,21921175.370228,34,164,0,1,19536215.289937,43,160,0,1,19848640.302452,5,152,0,1,24318207.420101,15,180,0,1,21406724.968813,44,148,0,1,19482530.373669,8,108,2,1,24079261.544966,11,44,0,1,25304705.118685,7,80,0,1,24631979.602050,80,164,0,12,23599873.314423,78,128,0,12,24325761.617410,63,176,0,12,24773966.978735,86,168,0,12,25229699.517658,35,136,0,1,21562372.073028,60,148,0,12,26167404.819472,52,136,0,1,22318668.685805,33,76,0,1,22775710.987671,93,140,0,1,39424978.121728,20,128,0,1,23990235.804023,24,100,0,1,24656102.547476,
22,1552384424,0.600000,13,160,0,1,20335258.251205,28,172,0,1,20977105.214919,30,188,0,1,21921281.519903,34,164,0,1,19536251.856868,43,160,0,1,19848723.941346,5,152,0,1,24318355.171094,15,180,0,1,21406662.409782,44,148,0,1,19482484.069517,8,108,2,1,24079337.392337,11,44,0,1,25304609.857946,7,80,0,1,24632115.198967,80,164,0,12,23599865.200072,78,128,0,12,24325838.380918,63,176,0,12,24773921.302790,86,168,0,12,25229794.464292,35,136,0,1,21562256.962667,60,148,0,12,26167306.251917,52,136,0,1,22318643.409165,33,72,0,1,22775886.519411,93,140,0,1,39424985.529345,20,128,0,1,23990154.407483,24,100,0,1,24655970.632555,
22,1552384424,0.800000,13,160,0,1,20335268.049503,28,172,0,1,20977104.002129,30,188,0,1,21921387.966231,34,164,0,1,19536288.641927,43,160,0,1,19848807.580239,5,152,0,1,24318502.738860,15,180,0,1,21406599.911827,44,148,0,1,19482437.739188,8,104,2,1,24079412.812178,11,44,0,1,25304517.415418,7,80,0,1,24632250.865685,80,164,0,12,23599857.155521,78,128,0,12,24325914.978649,63,176,0,12,24773875.504694,86,168,0,12,25229889.218975,35,136,0,1,21562141.756329,60,148,0,12,26167207.780339,52,136,0,1,22318618.193600,33,72,0,1,22776062.016251,93,140,0,1,39424993.059114,20,128,0,1,23990076.431185,24,100,0,1,24655837.504844,
22,1552384425,0.000000,13,160,0,1,20335277.708198,28,172,0,1,20977102.693363,30,188,0,1,21921494.150806,34,164,0,1,19536325.226309,43,160,0,1,19848891.254033,5,152,0,1,24318650.498579,15,180,0,1,21406537.413873,44,148,0,1,19482391.557187,8,104,2,1,24079489.043454,11,44,0,1,25304421.779499,7,80,0,1,24632385.851844,80,164,0,12,23599849.128421,78,128,0,12,24325991.593830,63,176,0,12,24773829.898550,86,164,0,12,25229983.999832,35,136,0,1,21562026.488916,60,148,0,12,26167109.238959,52,136,0,1,22318593.074012,33,72,0,1,22776236.928509,93,140,0,1,39425000.309680,20,128,0,1,23989996.797116,24,100,0,1,24655703.923427,
22,1552384425,0.200000,13,160,0,1,20335287.489045,28,172,0,1,20977101.515473,30,188,0,1,21921600.422632,34,164,0,1,19536361.880491,43,160,0,1,19848974.875477,5,152,0,1,24318798.005270,15,180,0,1,21406474.924643,44,148,0,1,19482345.296660,8,104,2,1,24079565.388157,11,44,0,1,25304327.234220,7,80,0,1,24632523.028006,80,160,0,12,23599841.066420,78,128,0,12,24326068.191560,63,176,0,12,24773784.301131,86,164,0,12,25230079.024993,35,136,0,1,21561911.247678,60,148,0,12,26167010.653954,52,136,0,1,22318567.902073,33,72,0,1,22776411.832041,93,140,0,1,39425007.743473,20,128,0,1,23989917.765080,24,96,0,1,24655572.139382,
22,1552384425,0.400000,13,160,0,1,20335297.173916,28,172,0,1,20977100.171807,30,188,0,1,21921706.720633,34,164,0,1,19536398.525948,43,160,0,1,19849058.531821,5,152,0,1,24318945.616662,15,180,0,1,21406412.374337,44,148,0,1,19482299.044858,8,104,2,1,24079640.956325,11,44,0,1,25304232.941968,7,80,0,1,24632659.322932,80,164,0,12,23599833.100396,78,128,0,12,24326144.806741,63,176,0,12,24773738.956740,86,164,0,12,25230174.111230,35,136,0,1,21561795.919189,60,148,0,12,26166912.147475,52,136,0,1,22318542.721409,33,72,0,1,22776584.868400,93,140,0,1,39425015.028939,20,128,0,1,23989839.465953,24,96,0,1,24655439.700955,
22,1552384425,0.600000,13,160,0,1,20335306.954763,28,172,0,1,20977098.871765,30,188,0,1,21921813.123336,34,164,0,1,19536435.258657,43,160,0,1,19849142.170714,5,152,0,1,24319093.245504,15,180,0,1,21406349.946183,44,148,0,1,19482252.618554,8,104,2,1,24079716.393616,11,44,0,1,25304138.719517,7,80,0,1,24632796.141364,80,160,0,12,23599824.942419,78,128,0,12,24326221.587699,63,176,0,12,24773693.682150,86,164,0,12,25230269.127665,35,136,0,1,21561680.651776,60,148,0,12,26166813.632270,52,136,0,1,22318517.523294,33,72,0,1,22776760.391415,93,140,0,1,39425022.366755,20,128,0,1,23989758.688895,24,96,0,1,24655306.861172,
22,1552384425,0.800000,13,160,0,1,20335316.953738,28,172,0,1,20977097.641525,30,188,0,1,21921919.273010,34,164,0,1,19536472.043716,43,160,0,1,19849225.731082,5,152,0,1,24319240.874346,15,180,0,1,21406287.500579,44,148,0,1,19482206.270775,8,104,2,1,24079791.071823,11,48,0,1,25304044.880972,7,80,0,1,24632932.706768,80,160,0,12,23599816.950220,78,128,0,12,24326298.726387,63,176,0,12,24773648.390110,86,164,0,12,25230363.995774,35,136,0,1,21561565.358187,60,148,0,12,26166714.925114,52,136,0,1,22318492.456057,33,68,0,1,22776935.146621,93,140,0,1,39425029.704572,20,124,0,1,23989682.064989,24,96,0,1,24655175.042228,
22,1552384426,0.000000,13,160,0,1,20335326.778210,28,172,0,1,20977096.385109,30,188,0,1,21922025.518661,34,164,0,1,19536508.820050,43,160,0,1,19849309.291450,5,152,0,1,24319388.372311,15,180,0,1,21406225.020075,44,148,0,1,19482159.861921,8,104,2,1,24079867.826606,11,48,0,1,25303951.688084,7,76,0,1,24633069.071495,80,160,0,12,23599808.809693,78,128,0,12,24326375.472444,63,176,0,12,24773602.731615,86,164,0,12,25230458.959859,35,136,0,1,21561450.212925,60,148,0,12,26166616.593137,52,140,0,1,22318467.476070,33,68,0,1,22777110.015253,93,140,0,1,39425037.042388,20,124,0,1,23989602.710124,24,100,0,1,24655041.382285,
22,1552384426,0.200000,13,160,0,1,20335336.559057,28,172,0,1,20977095.242120,30,188,0,1,21922131.677061,34,164,0,1,19536545.386981,43,160,0,1,19849392.720941,5,152,0,1,24319535.992428,15,180,0,1,21406162.731522,44,148,0,1,19482113.645019,8,104,2,1,24079942.548438,11,48,0,1,25303856.636748,7,76,0,1,24633204.903989,80,160,0,12,23599800.485939,78,128,0,12,24326452.227227,63,176,0,12,24773557.160372,86,164,0,12,25230553.976294,35,136,0,1,21561334.832086,60,148,0,12,26166518.165184,52,140,0,1,22318442.312856,33,68,0,1,22777284.351653,93,140,0,1,39425044.450006,20,128,0,1,23989523.233107,24,100,0,1,24654908.114972,
21,1552384426,0.400000,13,160,0,1,20335346.270104,28,172,0,1,20977093.854828,30,188,0,1,21922238.009962,34,164,0,1,19536582.014988,43,160,0,1,19849476.525611,5,152,0,1,24319683.734697,15,180,0,1,21406100.224842,44,148,0,1,19482067.209990,8,104,2,1,24080018.893141,7,76,0,1,24633340.692859,80,164,0,12,23599792.441389,78,128,0,12,24326528.877309,63,176,0,12,24773511.833431,86,164,0,12,25230648.669901,35,136,0,1,21561219.625748,60,148,0,12,26166419.431852,52,140,0,1,22318417.140917,33,68,0,1,22777459.298811,93,140,0,1,39425051.883798,20,128,0,1,23989442.997006,24,96,0,1,24654775.475867,
21,1552384426,0.600000,13,160,0,1,20335356.120751,28,172,0,1,20977092.528611,30,188,0,1,21922344.185812,34,164,0,1,19536618.782597,43,160,0,1,19849560.085979,5,152,0,1,24319831.424614,15,180,0,1,21406037.770513,44,148,0,1,19482020.897112,8,100,2,1,24080094.321707,7,72,0,1,24633477.328064,80,160,0,12,23599784.178711,78,128,0,12,24326605.771693,63,176,0,12,24773466.480315,86,164,0,12,25230743.546735,35,136,0,1,21561104.367060,60,148,0,12,26166320.995173,52,140,0,1,22318391.873001,33,68,0,1,22777634.158718,93,140,0,1,39425059.256515,20,128,0,1,23989364.060946,24,96,0,1,24654643.543496,
21,1552384426,0.800000,13,160,0,1,20335366.032475,28,172,0,1,20977091.289646,30,188,0,1,21922450.640866,34,164,0,1,19536655.454229,43,160,0,1,19849643.812124,5,152,0,1,24319979.123257,15,180,0,1,21405975.420885,44,148,0,1,19481974.496983,8,100,2,1,24080168.677085,7,72,0,1,24633613.108208,80,160,0,12,23599776.038184,78,128,0,12,24326682.622452,63,176,0,12,24773420.900346,86,164,0,12,25230838.423569,35,136,0,1,21560989.247974,60,148,0,12,26166222.663196,52,140,0,1,22318366.797039,33,72,0,1,22777809.193127,93,140,0,1,39425066.655408,20,124,0,1,23989286.041023,24,96,0,1,24654510.668813,
21,1552384427,0.000000,13,160,0,1,20335375.900573,28,172,0,1,20977090.050680,30,188,0,1,21922556.965042,34,164,0,1,19536692.082236,43,160,0,1,19849727.485918,5,152,0,1,24320127.005128,15,180,0,1,21405913.079982,44,148,0,1,19481928.166655,8,100,2,1,24080244.829835,7,68,0,1,24633749.211181,80,160,0,12,23599768.063435,78,128,0,12,24326759.412135,63,176,0,12,24773375.311652,86,164,0,12,25230933.483630,35,136,0,1,21560874.024186,60,148,0,12,26166124.104367,52,140,0,1,22318341.677450,33,72,0,1,22777982.325462,93,140,0,1,39425073.958324,20,124,0,1,23989206.328428,24,96,0,1,24654377.401500,
21,1552384427,0.200000,13,160,0,1,20335385.655245,28,172,0,1,20977088.907691,30,188,0,1,21922663.245593,34,164,0,1,19536728.605542,43,160,0,1,19849811.220788,5,152,0,1,24320274.599069,15,180,0,1,21405850.582028,44,148,0,1,19481881.845052,8,100,2,1,24080320.581230,7,68,0,1,24633884.616146,80,160,0,12,23599760.158486,78,128,0,12,24326836.123292,63,176,0,12,24773329.853835,86,164,0,12,25231028.438990,35,132,0,1,21560758.704422,60,148,0,12,26166025.458286,52,140,0,1,22318316.610212,33,72,0,1,22778157.909553,93,140,0,1,39425081.418292,20,124,0,1,23989126.345355,24,96,0,1,24654244.439566,
21,1552384427,0.400000,13,160,0,1,20335395.418642,28,172,0,1,20977087.694901,30,188,0,1,21922769.473794,34,164,0,1,19536765.242274,43,160,0,1,19849894.720079,5,156,0,1,24320422.280262,15,180,0,1,21405788.197499,44,148,0,1,19481835.471098,8,100,0,1,24080396.131948,7,68,0,1,24634020.343939,80,160,0,12,23599752.279713,78,128,0,12,24326912.773374,63,176,0,12,24773284.396018,86,164,0,12,25231123.429250,35,132,0,1,21560643.384658,60,148,0,12,26165927.039058,52,140,0,1,22318291.638951,33,72,0,1,22778333.031213,93,140,0,1,39425088.721208,20,124,0,1,23989051.422845,24,96,0,1,24654111.905162,
21,1552384427,0.600000,13,160,0,1,20335405.234389,28,172,0,1,20977086.612987,30,188,0,1,21922875.850321,34,164,0,1,19536801.957532,43,160,0,1,19849978.463674,5,156,0,1,24320570.013805,15,180,0,1,21405725.795520,44,148,0,1,19481789.175671,8,100,0,1,24080472.162546,7,64,0,1,24634155.077070,80,160,0,12,23599744.331138,78,128,0,12,24326989.475806,63,176,0,12,24773238.676448,86,164,0,12,25231218.384610,35,132,0,1,21560527.977643,60,148,0,12,26165828.497678,52,140,0,1,22318266.222709,33,68,0,1,22778507.175661,93,140,0,1,39425096.085200,20,124,0,1,23988974.912365,24,96,0,1,24653978.934503,
20,1552384427,0.800000,13,160,0,1,20335415.067587,28,172,0,1,20977085.461273,30,188,0,1,21922982.113422,34,164,0,1,19536838.541914,43,160,0,1,19850062.076393,5,156,0,1,24320717.537946,15,180,0,1,21405663.402267,44,148,0,1,19481742.871518,7,64,0,1,24634291.406897,80,160,0,12,23599736.242963,78,128,0,12,24327066.448716,63,176,0,12,24773193.113929,86,164,0,12,25231313.261444,35,132,0,1,21560412.745130,60,148,0,12,26165730.226777,52,140,0,1,22318241.076945,33,68,0,1,22778681.224133,93,140,0,1,39425103.606244,20,124,0,1,23988892.948693,24,96,0,1,24653845.771891,
20,1552384428,0.000000,13,160,0,1,20335424.865884,28,172,0,1,20977084.265933,30,188,0,1,21923088.411423,34,164,0,1,19536875.204821,43,160,0,1,19850145.854888,5,152,0,1,24320865.166788,15,180,0,1,21405601.009013,44,148,0,1,19481696.759318,7,60,0,1,24634427.963575,80,160,0,12,23599728.146061,78,128,0,12,24327143.308200,63,176,0,12,24773147.429259,86,164,0,12,25231408.208078,35,132,0,1,21560297.311940,60,148,0,12,26165631.790099,52,140,0,1,22318215.957356,33,68,0,1,22778855.656509,93,140,0,1,39425111.031311,20,124,0,1,23988816.054308,24,96,0,1,24653713.429440,
20,1552384428,0.200000,13,160,0,1,20335434.681632,28,172,0,1,20977083.105494,30,188,0,1,21923194.657074,34,164,0,1,19536911.841553,43,160,0,1,19850229.380355,5,156,0,1,24321012.856706,15,180,0,1,21405538.572134,44,148,0,1,19481650.428990,7,60,0,1,24634563.822246,80,160,0,12,23599719.874658,78,128,0,12,24327220.420713,63,176,0,12,24773102.276821,86,164,0,12,25231503.364116,35,132,0,1,21560182.044527,60,148,0,12,26165533.039316,52,140,0,1,22318190.890119,33,68,0,1,22779031.336577,93,140,0,1,39425118.404028,20,120,0,1,23988738.400839,24,96,0,1,24653581.095714,
20,1552384428,0.400000,13,160,0,1,20335444.479929,28,172,0,1,20977081.971229,30,188,0,1,21923300.928900,34,164,0,1,19536948.521911,43,160,0,1,19850313.158851,5,156,0,1,24321160.642600,15,180,0,1,21405476.048004,44,148,0,1,19481604.229538,7,56,0,1,24634700.038645,80,160,0,12,23599711.908634,78,128,0,12,24327297.411073,63,176,0,12,24773056.810278,86,164,0,12,25231598.345651,35,132,0,1,21560066.785838,60,148,0,12,26165434.323435,52,140,0,1,22318165.779255,33,68,0,1,22779205.926005,93,140,0,1,39425125.794196,20,120,0,1,23988657.388203,24,96,0,1,24653449.294219,
20,1552384428,0.600000,13,160,0,1,20335454.321852,28,172,0,1,20977080.758439,30,188,0,1,21923407.235627,34,164,0,1,19536985.062667,43,160,0,1,19850396.745394,5,156,0,1,24321308.393594,15,180,0,1,21405413.742002,44,148,0,1,19481557.995186,7,56,0,1,24634836.438272,80,160,0,12,23599703.803008,78,128,0,12,24327374.253107,63,176,0,12,24773011.352461,86,164,0,12,25231693.344636,35,132,0,1,21559951.509700,60,148,0,12,26165335.677354,52,140,0,1,22318140.581141,33,68,0,1,22779381.065115,93,140,0,1,39425133.193088,20,120,0,1,23988576.541345,24,96,0,1,24653316.602763,
20,1552384428,0.800000,13,160,0,1,20335464.320827,28,172,0,1,20977079.667801,30,188,0,1,21923513.585979,34,164,0,1,19537021.873901,43,160,0,1,19850480.515164,5,156,0,1,24321456.031161,15,180,0,1,21405351.374924,44,148,0,1,19481511.691033,7,60,0,1,24634971.520408,80,160,0,12,23599695.959135,78,128,0,12,24327451.034065,63,176,0,12,24772965.938269,86,164,0,12,25231788.395972,35,128,0,1,21559836.198661,60,148,0,12,26165237.013823,52,140,0,1,22318115.557529,33,68,0,1,22779557.129087,93,140,0,1,39425140.618156,20,120,0,1,23988501.243655,24,96,0,1,24653184.775094,
20,1552384429,0.000000,13,160,0,1,20335474.127849,28,176,0,1,20977078.550987,30,188,0,1,21923619.901430,34,164,0,1,19537058.528084,43,160,0,1,19850564.145332,5,156,0,1,24321603.607652,15,180,0,1,21405288.876969,44,148,0,1,19481465.343255,7,60,0,1,24635107.710632,80,160,0,12,23599687.862234,78,128,0,12,24327527.753947,63,172,0,12,24772920.463002,86,164,0,12,25231883.203005,35,128,0,1,21559720.957423,60,148,0,12,26165138.489893,52,140,0,1,22318090.568817,33,68,0,1,22779731.221185,93,140,0,1,39425147.990873,20,120,0,1,23988421.164606,24,96,0,1,24653053.374954,
20,1552384429,0.200000,13,160,0,1,20335484.048298,28,176,0,1,20977077.669751,30,188,0,1,21923726.277958,34,164,0,1,19537095.208441,43,160,0,1,19850647.723150,5,156,0,1,24321751.166694,15,180,0,1,21405226.588416,44,148,0,1,19481419.065278,7,64,0,1,24635243.386075,80,160,0,12,23599680.000911,78,128,0,12,24327604.683232,63,172,0,12,24772874.996460,86,164,0,12,25231978.167090,35,128,0,1,21559605.768536,60,148,0,12,26165040.027040,52,140,0,1,22318065.484129,33,68,0,1,22779905.941490,93,140,0,1,39425155.363590,20,120,0,1,23988341.050656,24,96,0,1,24652921.852663,
20,1552384429,0.400000,13,160,0,1,20335493.916396,28,176,0,1,20977076.518036,30,188,0,1,21923832.584684,34,164,0,1,19537131.932425,43,160,0,1,19850731.309693,5,156,0,1,24321898.891512,15,180,0,1,21405164.046836,44,148,0,1,19481372.830926,7,64,0,1,24635379.803152,80,160,0,12,23599671.869109,78,128,0,12,24327681.333314,63,172,0,12,24772829.521192,86,164,0,12,25232072.843247,35,128,0,1,21559490.483672,60,148,0,12,26164941.389684,52,140,0,1,22318040.495417,33,68,0,1,22780080.225539,93,140,0,1,39425162.718856,20,120,0,1,23988263.292486,24,96,0,1,24652790.190770,
20,1552384429,0.600000,13,160,0,1,20335503.819394,28,176,0,1,20977075.401222,30,188,0,1,21923938.943761,34,164,0,1,19537168.621507,43,160,0,1,19850814.957312,5,156,0,1,24322046.450553,15,180,0,1,21405101.671033,44,148,0,1,19481326.640199,7,64,0,1,24635517.223617,80,160,0,12,23599663.641332,78,128,0,12,24327758.035746,63,172,0,12,24772783.949949,86,164,0,12,25232168.112710,35,128,0,1,21559375.207534,60,148,0,12,26164842.621452,52,140,0,1,22318015.559056,33,68,0,1,22780254.553215,93,140,0,1,39425170.231175,20,120,0,1,23988185.385989,24,96,0,1,24652659.322862,
20,1552384429,0.800000,13,160,0,1,20335513.757293,28,176,0,1,20977074.240783,30,188,0,1,21924045.320289,34,164,0,1,19537205.380391,43,160,0,1,19850898.796883,5,156,0,1,24322194.079395,15,180,0,1,21405039.164353,44,148,0,1,19481280.336047,7,68,0,1,24635653.989699,80,160,0,12,23599655.483355,78,128,0,12,24327834.912680,63,172,0,12,24772738.439781,86,164,0,12,25232263.050620,35,128,0,1,21559260.027372,60,148,0,12,26164744.193498,52,140,0,1,22317990.552894,33,68,0,1,22780429.526548,93,140,0,1,39425177.612617,20,116,0,1,23988103.308890,24,96,0,1,24652527.469017,
20,1552384430,0.000000,13,160,0,1,20335523.546866,28,176,0,1,20977073.115244,30,188,0,1,21924151.531039,34,164,0,1,19537242.104374,43,160,0,1,19850982.584104,5,156,0,1,24322341.760588,15,180,0,1,21404976.683848,44,148,0,1,19481234.127870,7,68,0,1,24635789.874544,80,160,0,12,23599647.587131,78,124,0,12,24327911.588937,63,172,0,12,24772692.903438,86,164,0,12,25232357.971079,35,128,0,1,21559144.855935,60,148,0,12,26164645.765545,52,140,0,1,22317965.459481,33,64,0,1,22780605.032113,93,140,0,1,39425184.889358,20,116,0,1,23988024.198328,24,96,0,1,24652396.505133,
20,1552384430,0.200000,13,160,0,1,20335533.345163,28,176,0,1,20977071.954804,30,188,0,1,21924257.663263,34,164,0,1,19537278.924334,43,160,0,1,19851066.249173,5,156,0,1,24322489.450506,15,180,0,1,21404914.255694,44,148,0,1,19481187.832442,7,68,0,1,24635925.672139,80,160,0,12,23599639.525131,78,124,0,12,24327988.413520,63,172,0,12,24772647.637573,86,164,0,12,25232453.039866,35,128,0,1,21559029.632147,60,148,0,12,26164547.285241,52,140,0,1,22317940.322442,33,64,0,1,22780779.926920,93,140,0,1,39425192.087573,20,116,0,1,23987945.489120,24,96,0,1,24652264.433160,
20,1552384430,0.400000,13,160,0,1,20335543.265612,28,176,0,1,20977070.785640,30,188,0,1,21924363.865288,34,164,0,1,19537315.517440,43,160,0,1,19851150.062568,5,156,0,1,24322637.140424,15,180,0,1,21404851.853716,44,148,0,1,19481141.615541,7,64,0,1,24636061.801287,80,160,0,12,23599631.384604,78,124,0,12,24328065.290455,63,172,0,12,24772602.328082,86,164,0,12,25232547.846898,35,128,0,1,21558914.408359,60,148,0,12,26164448.778762,52,140,0,1,22317915.202854,33,68,0,1,22780955.397584,93,140,0,1,39425199.503915,20,116,0,1,23987868.542385,24,96,0,1,24652131.410150,
20,1552384430,0.600000,13,160,0,1,20335553.151160,28,176,0,1,20977069.695001,30,188,0,1,21924470.224365,34,160,0,1,19537352.119272,43,160,0,1,19851233.875964,5,156,0,1,24322784.900142,15,180,0,1,21404789.434287,44,148,0,1,19481095.459715,7,64,0,1,24636197.939161,80,160,0,12,23599623.593082,78,124,0,12,24328142.106313,63,172,0,12,24772556.678313,86,164,0,12,25232643.002936,35,124,0,1,21558799.271823,60,148,0,12,26164350.123956,52,140,0,1,22317890.187967,33,64,0,1,22781130.187690,93,140,0,1,39425206.920258,20,116,0,1,23987791.098319,24,96,0,1,24651999.364352,
20,1552384430,0.800000,13,160,0,1,20335562.932007,28,176,0,1,20977068.586912,30,188,0,1,21924576.513642,34,160,0,1,19537388.817080,43,164,0,1,19851317.671910,5,156,0,1,24322932.694761,15,180,0,1,21404727.084659,44,148,0,1,19481049.207913,7,64,0,1,24636333.422651,80,160,0,12,23599615.548532,78,124,0,12,24328219.192650,63,172,0,12,24772511.229221,86,164,0,12,25232737.993196,35,124,0,1,21558684.082935,60,144,0,12,26164251.608752,52,140,0,1,22317865.225430,33,68,0,1,22781305.789232,93,140,0,1,39425214.249349,20,112,0,1,23987710.556839,24,100,0,1,24651867.876962,
20,1552384431,0.000000,13,160,0,1,20335572.721579,28,176,0,1,20977067.714402,30,188,0,1,21924682.925069,34,160,0,1,19537425.497438,43,164,0,1,19851401.598732,5,156,0,1,24323080.332329,15,180,0,1,21404664.726306,44,148,0,1,19481003.034637,7,68,0,1,24636469.028293,80,160,0,12,23599607.538882,78,128,0,12,24328296.087034,63,172,0,12,24772465.701603,86,164,0,12,25232832.826404,35,124,0,1,21558568.771896,60,144,0,12,26164153.076098,52,140,0,1,22317840.245443,33,68,0,1,22781480.526987,93,140,0,1,39425221.630791,20,112,0,1,23987632.693967,24,96,0,1,24651734.819051,
20,1552384431,0.200000,13,160,0,1,20335582.685653,28,176,0,1,20977066.772090,30,188,0,1,21924789.415023,34,160,0,1,19537462.107995,43,164,0,1,19851485.289976,5,156,0,1,24323228.092047,15,180,0,1,21404602.385403,44,148,0,1,19480956.887536,7,64,0,1,24636605.384295,80,160,0,12,23599599.537957,78,128,0,12,24328373.164646,63,172,0,12,24772420.112909,86,164,0,12,25232927.991167,35,124,0,1,21558453.443407,60,148,0,12,26164054.499818,52,140,0,1,22317815.204381,33,68,0,1,22781654.636534,93,140,0,1,39425229.055859,20,112,0,1,23987553.033723,24,96,0,1,24651601.551738,
20,1552384431,0.400000,13,160,0,1,20335592.684628,28,176,0,1,20977065.759977,30,188,0,1,21924895.843901,34,160,0,1,19537498.797077,43,164,0,1,19851569.051021,5,156,0,1,24323375.720889,15,180,0,1,21404539.974699,44,148,0,1,19480910.539757,7,64,0,1,24636741.024837,80,160,0,12,23599591.598108,78,128,0,12,24328449.963054,63,172,0,12,24772374.820869,86,164,0,12,25233022.963977,35,120,0,1,21558338.080018,60,144,0,12,26163955.932263,52,140,0,1,22317790.137143,33,68,0,1,22781829.243413,93,140,0,1,39425236.332600,20,112,0,1,23987470.625070,24,96,0,1,24651468.886458,
20,1552384431,0.600000,13,160,0,1,20335602.465475,28,176,0,1,20977064.756590,30,188,0,1,21925002.220429,34,160,0,1,19537535.477435,43,164,0,1,19851652.855692,5,156,0,1,24323523.402082,15,180,0,1,21404477.747223,44,148,0,1,19480864.305405,7,64,0,1,24636877.433189,80,160,0,12,23599583.518657,78,124,0,12,24328526.534610,63,172,0,12,24772329.380502,86,164,0,12,25233117.901887,35,120,0,1,21558222.847505,60,144,0,12,26163857.565385,52,140,0,1,22317765.174607,33,68,0,1,22782003.195909,93,140,0,1,39425243.696592,20,112,0,1,23987390.598372,24,96,0,1,24651337.399067,
20,1552384431,0.800000,13,160,0,1,20335612.473175,28,176,0,1,20977063.665951,30,188,0,1,21925108.640581,34,160,0,1,19537572.114167,43,164,0,1,19851736.590562,5,156,0,1,24323671.214151,15,180,0,1,21404415.371419,44,148,0,1,19480818.009978,7,64,0,1,24637013.911342,80,160,0,12,23599575.535182,78,124,0,12,24328603.350468,63,172,0,12,24772283.730732,86,164,0,12,25233212.996848,35,120,0,1,21558107.396865,60,144,0,12,26163759.189783,52,140,0,1,22317740.220795,33,64,0,1,22782178.710199,93,140,0,1,39425251.095484,20,108,0,1,23987308.730675,24,96,0,1,24651204.733787,
20,1552384432,0.000000,13,160,0,1,20335622.297648,28,176,0,1,20977062.522962,30,188,0,1,21925214.999659,34,160,0,1,19537608.846875,43,164,0,1,19851820.316707,5,156,0,1,24323818.904069,15,180,0,1,21404352.951990,44,148,0,1,19480771.836702,7,64,0,1,24637149.700212,80,160,0,12,23599567.604058,78,124,0,12,24328680.183777,63,172,0,12,24772238.255465,86,164,0,12,25233307.891132,35,120,0,1,21557991.937499,60,144,0,12,26163660.299399,52,140,0,1,22317715.345510,33,64,0,1,22782353.264727,93,140,0,1,39425258.442026,20,108,0,1,23987228.093219,24,96,0,1,24651073.002093,
20,1552384432,0.200000,13,160,0,1,20335632.008694,28,176,0,1,20977061.414873,30,188,0,1,21925321.350011,34,160,0,1,19537645.544683,43,164,0,1,19851904.165003,5,156,0,1,24323966.585262,15,180,0,1,21404290.593637,44,148,0,1,19480725.593625,7,64,0,1,24637285.602507,80,160,0,12,23599559.655484,78,124,0,12,24328756.860034,63,172,0,12,24772193.085576,86,164,0,12,25233402.802866,35,120,0,1,21557875.265343,60,144,0,12,26163561.609692,52,136,0,1,22317690.321898,33,68,0,1,22782528.665590,93,140,0,1,39425265.814743,20,108,0,1,23987148.066520,24,96,0,1,24650940.633467,
20,1552384432,0.400000,13,160,0,1,20335641.728465,28,176,0,1,20977060.359135,30,188,0,1,21925427.857415,34,160,0,1,19537682.207591,43,164,0,1,19851987.995849,5,156,0,1,24324114.292630,15,180,0,1,21404228.244009,44,148,0,1,19480679.298197,7,68,0,1,24637420.981297,80,160,0,12,23599551.480057,78,128,0,12,24328833.422864,63,172,0,12,24772147.749910,86,164,0,12,25233497.924003,35,120,0,1,21557759.160319,60,144,0,12,26163462.937436,52,140,0,1,22317665.272110,33,68,0,1,22782702.984540,93,140,0,1,39425273.135109,20,104,0,1,23987068.563328,24,96,0,1,24650808.282290,
20,1552384432,0.600000,13,160,0,1,20335651.709990,28,176,0,1,20977059.416823,30,188,0,1,21925534.295018,34,160,0,1,19537718.957749,43,164,0,1,19852071.765619,5,156,0,1,24324261.921472,15,180,0,1,21404165.903106,44,148,0,1,19480633.255798,7,68,0,1,24637557.145346,80,160,0,12,23599543.435507,78,124,0,12,24328910.055495,63,172,0,12,24772102.457870,86,164,0,12,25233592.809562,35,120,0,1,21557643.910356,60,144,0,12,26163364.334981,52,140,0,1,22317640.187422,33,68,0,1,22782877.408192,93,140,0,1,39425280.568902,20,104,0,1,23986988.135275,24,96,0,1,24650676.096891,
20,1552384432,0.800000,13,160,0,1,20335661.612988,28,176,0,1,20977058.317459,30,188,0,1,21925640.706445,34,160,0,1,19537755.707908,43,164,0,1,19852155.491764,5,156,0,1,24324409.593940,15,180,0,1,21404103.527303,44,148,0,1,19480587.152322,7,68,0,1,24637694.670512,80,160,0,12,23599535.417132,78,124,0,12,24328993.790365,63,172,0,12,24772057.148380,86,164,0,12,25233687.965600,35,120,0,1,21557527.683181,60,144,0,12,26163266.133881,52,140,0,1,22317615.224886,33,68,0,1,22783052.896307,93,140,0,1,39425287.924169,20,104,0,1,23986909.050888,24,96,0,1,24650543.483961,
20,1552384433,0.000000,13,160,0,1,20335671.559612,28,176,0,1,20977057.261721,30,188,0,1,21925747.222575,34,160,0,1,19537792.431891,43,164,0,1,19852239.217909,5,156,0,1,24324557.397284,15,180,0,1,21404041.142775,44,148,0,1,19480540.883070,7,72,0,1,24637832.291654,80,160,0,12,23599527.328956,78,124,0,12,24329070.536423,63,172,0,12,24772011.690563,86,164,0,12,25233783.069286,35,120,0,1,21557411.743934,60,144,0,12,26163167.644852,52,140,0,1,22317590.148923,33,68,0,1,22783227.712588,93,140,0,1,39425295.357961,20,100,0,1,23986830.812837,24,92,0,1,24650409.623341,
20,1552384433,0.200000,13,160,0,1,20335681.410260,28,176,0,1,20977056.127457,30,188,0,1,21925853.729978,34,160,0,1,19537829.112249,43,164,0,1,19852323.109830,5,156,0,1,24324704.991226,15,180,0,1,21403978.793147,44,148,0,1,19480494.509116,7,72,0,1,24637968.220125,80,160,0,12,23599519.467633,78,124,0,12,24329145.205905,63,172,0,12,24771966.075693,86,164,0,12,25233877.963570,35,116,0,1,21557295.263731,60,144,0,12,26163069.024946,52,140,0,1,22317565.299813,33,68,0,1,22783401.953012,93,140,0,1,39425302.940081,20,100,0,1,23986754.415784,24,92,0,1,24650277.996348,
20,1552384433,0.400000,13,160,0,1,20335691.479036,28,176,0,1,20977055.158970,30,188,0,1,21925960.071605,34,160,0,1,19537865.949659,43,164,0,1,19852407.019202,5,156,0,1,24324852.672418,15,180,0,1,21403916.399893,44,148,0,1,19480448.117712,7,72,0,1,24638106.862105,80,160,0,12,23599511.440532,78,124,0,12,24329224.290291,63,172,0,12,24771920.905805,86,164,0,12,25233972.831679,35,116,0,1,21557179.612413,60,144,0,12,26162970.535917,52,140,0,1,22317540.267475,33,68,0,1,22783575.373276,93,140,0,1,39425310.330248,20,100,0,1,23986674.764265,24,92,0,1,24650145.828399,
20,1552384433,0.600000,13,160,0,1,20335701.486736,28,176,0,1,20977054.242833,30,188,0,1,21926066.500483,34,160,0,1,19537902.656192,43,164,0,1,19852490.867499,5,156,0,1,24325000.440862,15,180,0,1,21403854.120066,44,148,0,1,19480401.944436,7,72,0,1,24638242.790576,80,160,0,12,23599503.439608,78,124,0,12,24329301.324278,63,172,0,12,24771875.561414,86,164,0,12,25234067.673613,35,116,0,1,21557063.498664,60,144,0,12,26162871.916012,52,140,0,1,22317515.383465,33,68,0,1,22783750.320434,93,140,0,1,39425317.545913,20,100,0,1,23986592.948919,24,92,0,1,24650012.718138,
20,1552384433,0.800000,13,160,0,1,20335711.328659,28,176,0,1,20977053.300522,30,188,0,1,21926172.894461,34,160,0,1,19537939.380175,43,164,0,1,19852574.611094,5,156,0,1,24325148.235481,15,180,0,1,21403791.875139,44,148,0,1,19480355.788610,7,76,0,1,24638378.945900,80,160,0,12,23599495.421233,78,124,0,12,24329377.895833,63,172,0,12,24771830.094872,86,164,0,12,25234162.855825,35,116,0,1,21556947.707744,60,144,0,12,26162773.453158,52,140,0,1,22317490.621606,33,68,0,1,22783925.215241,93,140,0,1,39425325.023332,20,96,0,1,23986511.081222,24,92,0,1,24649881.021345,
20,1552384434,0.000000,13,160,0,1,20335721.240382,28,176,0,1,20977052.419286,30,188,0,1,21926279.201187,34,160,0,1,19537976.165234,43,164,0,1,19852658.485565,5,156,0,1,24325295.907949,15,180,0,1,21403729.621488,44,148,0,1,19480309.685135,7,76,0,1,24638514.979072,80,160,0,12,23599487.280706,78,124,0,12,24329452.565315,63,172,0,12,24771784.759206,86,164,0,12,25234257.767559,35,116,0,1,21556831.751047,60,144,0,12,26162674.955404,52,140,0,1,22317465.702695,33,68,0,1,22784099.508016,93,140,0,1,39425332.657802,20,96,0,1,23986429.920260,24,92,0,1,24649747.815108,
20,1552384434,0.200000,13,160,0,1,20335731.335333,28,176,0,1,20977051.538050,30,188,0,1,21926385.691141,34,160,0,1,19538012.950293,43,164,0,1,19852742.159359,5,156,0,1,24325443.528066,15,180,0,1,21403667.341661,44,148,0,1,19480263.433333,7,76,0,1,24638651.099496,80,160,0,12,23599479.445558,78,124,0,12,24329532.391336,63,172,0,12,24771739.249038,86,160,0,12,25234352.679294,35,116,0,1,21556716.091004,60,144,0,12,26162576.379124,52,136,0,1,22317440.923386,33,68,0,1,22784274.455174,93,140,0,1,39425340.047969,20,96,0,1,23986349.012325,24,92,0,1,24649615.088752,
20,1552384434,0.400000,13,160,0,1,20335741.177256,28,176,0,1,20977050.613188,30,188,0,1,21926492.128744,34,160,0,1,19538049.805153,43,164,0,1,19852825.911679,5,156,0,1,24325591.200534,15,180,0,1,21403605.079284,44,148,0,1,19480217.260057,7,76,0,1,24638788.354183,80,160,0,12,23599471.680211,78,124,0,12,24329608.561536,63,172,0,12,24771694.026799,86,160,0,12,25234447.582303,35,116,0,1,21556599.209446,60,144,0,12,26162477.933721,52,136,0,1,22317416.048100,33,68,0,1,22784448.372769,93,140,0,1,39425347.411961,20,96,0,1,23986267.755386,24,88,0,1,24649482.955703,
20,1552384434,0.600000,13,160,0,1,20335751.054079,28,176,0,1,20977049.574900,30,188,0,1,21926598.627423,34,156,0,1,19538086.607662,43,164,0,1,19852909.637824,5,156,0,1,24325738.646148,15,180,0,1,21403542.773281,44,148,0,1,19480171.086781,7,76,0,1,24638924.439706,80,160,0,12,23599463.688012,78,124,0,12,24329686.625085,63,172,0,12,24771648.551531,86,160,0,12,25234542.537663,35,116,0,1,21556483.383625,60,144,0,12,26162379.610469,52,136,0,1,22317391.408393,33,68,0,1,22784622.342715,93,140,0,1,39425354.810853,20,92,0,1,23986188.417971,24,88,0,1,24649349.836717,
20,1552384434,0.800000,13,160,0,1,20335760.965803,28,176,0,1,20977048.562788,30,188,0,1,21926704.899249,34,156,0,1,19538123.471247,43,164,0,1,19852993.529746,5,156,0,1,24325886.353516,15,180,0,1,21403480.545805,44,148,0,1,19480124.904779,7,80,0,1,24639060.865509,80,160,0,12,23599455.870314,78,124,0,12,24329763.851024,63,172,0,12,24771603.041364,86,160,0,12,25234637.423222,35,112,0,1,21556367.104100,60,144,0,12,26162281.147615,52,136,0,1,22317366.463307,33,68,0,1,22784797.473100,93,140,0,1,39425362.148670,20,92,0,1,23986109.438286,24,88,0,1,24649218.209725,
19,1552384435,0.000000,13,160,0,1,20335770.964778,28,176,0,1,20977047.428523,30,188,0,1,21926811.354302,34,156,0,1,19538160.291206,43,164,0,1,19853077.386767,5,156,0,1,24326034.017259,15,180,0,1,21403418.344504,44,148,0,1,19480078.783854,7,80,0,1,24639197.491989,80,160,0,12,23599447.913015,78,124,0,12,24329838.782259,63,172,0,12,24771557.574821,86,160,0,12,25234732.561809,35,112,0,1,21556251.470232,60,144,0,12,26162182.335757,52,136,0,1,22317341.570571,33,68,0,1,22784972.777987,93,140,0,1,39425369.565012,24,88,0,1,24649085.980700,
19,1552384435,0.200000,13,160,0,1,20335780.981203,28,176,0,1,20977046.381510,30,188,0,1,21926917.835531,34,156,0,1,19538196.945389,43,164,0,1,19853161.235063,5,156,0,1,24326181.506499,15,180,0,1,21403356.256629,44,148,0,1,19480032.593128,7,80,0,1,24639334.545999,80,160,0,12,23599440.095317,78,124,0,12,24329919.829795,63,172,0,12,24771512.378757,86,160,0,12,25234827.648045,35,112,0,1,21556135.112180,60,144,0,12,26162083.890354,52,136,0,1,22317316.634210,33,68,0,1,22785147.733870,93,140,0,1,39425376.998805,24,88,0,1,24648952.591235,
19,1552384435,0.400000,13,160,0,1,20335791.006353,28,176,0,1,20977045.317047,30,188,0,1,21927024.290584,34,156,0,1,19538233.747898,43,164,0,1,19853245.013559,5,156,0,1,24326329.266218,15,180,0,1,21403294.046603,44,148,0,1,19479986.437302,7,80,0,1,24639471.059052,80,160,0,12,23599432.033317,78,124,0,12,24329994.045571,63,172,0,12,24771466.938390,86,160,0,12,25234922.725557,35,112,0,1,21556018.972256,60,144,0,12,26161985.331524,52,136,0,1,22317291.680399,33,68,0,1,22785321.712541,93,140,0,1,39425384.554749,24,84,0,1,24648819.289022,
19,1552384435,0.600000,13,160,0,1,20335800.918077,28,176,0,1,20977044.374735,30,188,0,1,21927130.789263,34,156,0,1,19538270.480606,43,164,0,1,19853328.984006,5,156,0,1,24326477.174264,15,180,0,1,21403231.801676,44,148,0,1,19479940.325101,7,80,0,1,24639608.296289,80,160,0,12,23599424.302870,78,124,0,12,24330069.814417,63,172,0,12,24771421.567824,86,160,0,12,25235017.820518,35,112,0,1,21555902.806156,60,144,0,12,26161886.921021,52,136,0,1,22317266.761488,33,68,0,1,22785495.586511,93,140,0,1,39425391.979817,24,88,0,1,24648687.566053,
19,1552384435,0.800000,13,160,0,1,20335810.890876,28,176,0,1,20977043.598201,30,188,0,1,21927237.200691,34,156,0,1,19538307.318016,43,164,0,1,19853412.910829,5,156,0,1,24326624.794381,15,180,0,1,21403169.600375,44,148,0,1,19479894.230351,7,80,0,1,24639746.292611,80,160,0,12,23599416.284495,78,124,0,12,24330149.413585,63,172,0,12,24771376.284509,86,160,0,12,25235112.723527,35,112,0,1,21555786.578981,60,144,0,12,26161788.318566,52,136,0,1,22317241.982178,33,68,0,1,22785670.847773,93,140,0,1,39425399.413610,24,84,0,1,24648555.502806,
19,1552384436,0.000000,13,160,0,1,20335820.898576,28,176,0,1,20977042.647164,30,188,0,1,21927343.664470,34,156,0,1,19538344.033274,43,164,0,1,19853496.820201,5,156,0,1,24326772.519199,15,180,0,1,21403107.372898,44,148,0,1,19479848.187952,7,80,0,1,24639882.735864,80,160,0,12,23599408.274845,78,124,0,12,24330223.768963,63,172,0,12,24771331.053545,86,160,0,12,25235207.617811,35,112,0,1,21555670.569933,60,144,0,12,26161689.716110,52,136,0,1,22317217.159244,33,68,0,1,22785845.027121,93,140,0,1,39425406.716526,24,84,0,1,24648422.628123,
20,1552384436,0.200000,13,160,0,1,20335830.976077,28,176,0,1,20977041.765928,30,188,0,1,21927450.049722,34,156,0,1,19538380.992835,43,164,0,1,19853580.869174,5,156,0,1,24326920.313818,15,180,0,1,21403045.180322,44,148,0,1,19479802.014675,7,80,0,1,24640019.990551,80,160,0,12,23599400.422247,78,124,0,12,24330297.679360,63,172,0,12,24771285.395050,86,160,0,12,25235302.616797,35,112,0,1,21555554.473635,60,144,0,12,26161591.253257,52,136,0,1,22317192.283958,33,64,0,1,22786019.005792,93,140,0,1,39425414.237570,58,152,1,1,22201479.028803,24,84,0,1,24648288.750052,
20,1552384436,0.400000,13,160,0,1,20335841.053577,28,176,0,1,20977040.884692,30,188,0,1,21927556.330273,34,156,0,1,19538417.708093,43,164,0,1,19853664.673845,5,156,0,1,24327068.021186,15,180,0,1,21402982.900495,44,148,0,1,19479755.701798,7,80,0,1,24640156.992211,80,160,0,12,23599392.578374,78,124,0,12,24330371.851510,63,172,0,12,24771239.762731,86,160,0,12,25235397.554706,35,112,0,1,21555437.644427,60,144,0,12,26161492.668252,52,136,0,1,22317167.478474,33,64,0,1,22786193.673746,93,140,0,1,39425421.671363,58,152,0,1,22201473.270232,24,84,0,1,24648155.665966,
20,1552384436,0.600000,13,160,0,1,20335851.157253,28,176,0,1,20977039.881304,30,188,0,1,21927662.767876,34,156,0,1,19538454.501877,43,164,0,1,19853748.670468,5,156,0,1,24327215.650028,15,180,0,1,21402920.646843,44,148,0,1,19479709.624498,7,80,0,1,24640295.032158,80,160,0,12,23599384.629800,78,124,0,12,24330443.004773,63,172,0,12,24771194.165312,86,160,0,12,25235492.239588,35,112,0,1,21555321.705180,60,144,0,12,26161394.065796,52,136,0,1,22317142.533388,33,64,0,1,22786368.559829,93,140,0,1,39425429.009179,58,152,0,1,22201467.581461,24,84,0,1,24648022.180526,
20,1552384436,0.800000,13,160,0,1,20335861.112603,28,176,0,1,20977039.043694,30,188,0,1,21927769.318906,34,156,0,1,19538491.417813,43,164,0,1,19853832.457689,5,156,0,1,24327363.331221,15,180,0,1,21402858.393192,44,148,0,1,19479663.529748,7,80,0,1,24640432.016368,80,160,0,12,23599376.777202,78,124,0,12,24330523.048922,63,172,0,12,24771148.925622,86,160,0,12,25235587.107697,35,112,0,1,21555206.795497,60,144,0,12,26161295.515692,52,132,0,1,22317117.649377,33,64,0,1,22786543.768740,93,140,0,1,39425436.696000,58,152,0,1,22201461.726913,24,84,0,1,24647889.131341,
20,1552384437,0.000000,13,160,0,1,20335870.971976,28,176,0,1,20977038.171183,30,188,0,1,21927875.634357,34,156,0,1,19538528.464625,43,164,0,1,19853916.262359,5,156,0,1,24327510.872812,15,180,0,1,21402796.130815,44,148,0,1,19479617.548424,7,80,0,1,24640568.695198,80,160,0,12,23599368.680301,78,124,0,12,24330599.890956,63,172,0,12,24771103.363104,86,160,0,12,25235682.185208,35,112,0,1,21555091.100553,60,144,0,12,26161197.140089,52,132,0,1,22317092.808992,33,64,0,1,22786718.078965,93,140,0,1,39425443.946565,58,152,0,1,22201455.959616,24,80,0,1,24647756.893591,
20,1552384437,0.200000,13,160,0,1,20335881.005851,28,176,0,1,20977037.281222,30,188,0,1,21927982.115586,34,156,0,1,19538565.267134,43,164,0,1,19854000.171731,5,156,0,1,24327658.510379,15,180,0,1,21402733.859713,44,148,0,1,19479571.383873,7,80,0,1,24640705.304228,80,160,0,12,23599360.688101,78,124,0,12,24330675.939005,63,172,0,12,24771058.053613,86,160,0,12,25235777.297620,35,112,0,1,21554974.341146,60,144,0,12,26161098.668510,52,132,0,1,22317067.829005,33,60,0,1,22786892.877796,93,140,0,1,39425451.362908,58,152,0,1,22201450.192319,24,80,0,1,24647624.367912,
20,1552384437,0.400000,13,160,0,1,20335891.135702,28,176,0,1,20977036.146958,30,188,0,1,21928088.527014,34,156,0,1,19538602.165620,43,164,0,1,19854084.037478,5,156,0,1,24327806.235197,15,180,0,1,21402671.667137,44,148,0,1,19479525.393824,7,80,0,1,24640842.489114,80,160,0,12,23599352.992555,78,124,0,12,24330753.845502,63,172,0,12,24771012.822649,86,160,0,12,25235872.366406,35,112,0,1,21554858.881780,60,144,0,12,26161000.127131,52,132,0,1,22317042.953720,33,60,0,1,22787068.348460,93,140,0,1,39425458.831601,58,152,0,1,22201444.398846,24,80,0,1,24647490.995898,
20,1552384437,0.600000,13,160,0,1,20335901.125952,28,176,0,1,20977035.178471,30,188,0,1,21928194.790115,34,160,0,1,19538639.229882,43,164,0,1,19854168.077726,5,156,0,1,24327953.855314,15,180,0,1,21402609.343684,44,148,0,1,19479479.403775,7,80,0,1,24640978.810215,80,160,0,12,23599344.895654,78,124,0,12,24330831.088891,63,172,0,12,24770967.443358,86,160,0,12,25235967.522443,35,108,0,1,21554743.579467,60,144,0,12,26160901.603202,52,132,0,1,22317017.956283,33,60,0,1,22787242.519084,93,140,0,1,39425466.204318,58,152,0,1,22201438.657725,24,80,0,1,24647358.365518,
20,1552384437,0.800000,13,164,0,1,20335911.072576,28,176,0,1,20977034.131458,30,188,0,1,21928301.210268,34,160,0,1,19538676.145818,43,164,0,1,19854252.021999,5,156,0,1,24328101.501607,15,180,0,1,21402547.238359,44,148,0,1,19479433.309025,7,80,0,1,24641116.309206,80,160,0,12,23599336.894730,78,124,0,12,24330909.466544,63,172,0,12,24770922.482872,86,160,0,12,25236062.774457,35,108,0,1,21554627.352291,60,144,0,12,26160803.105447,52,132,0,1,22316993.028647,33,60,0,1,22787417.239389,93,136,0,1,39425473.716637,58,152,0,1,22201433.056205,24,80,0,1,24647224.565973,
20,1552384438,0.000000,13,164,0,1,20335921.350754,28,176,0,1,20977033.162970,30,188,0,1,21928407.778747,34,160,0,1,19538713.035578,43,164,0,1,19854335.913921,5,156,0,1,24328249.235150,15,180,0,1,21402484.993432,44,148,0,1,19479387.240450,7,80,0,1,24641253.005487,80,160,0,12,23599329.181733,78,124,0,12,24330984.973636,63,172,0,12,24770877.094855,86,160,0,12,25236157.677466,35,108,0,1,21554511.194917,60,144,0,12,26160704.686219,52,132,0,1,22316968.231888,33,64,0,1,22787592.369774,93,136,0,1,39425481.010828,58,152,0,1,22201427.393609,24,80,0,1,24647090.635552,
19,1552384438,0.200000,13,164,0,1,20335931.410805,28,176,0,1,20977032.299185,30,188,0,1,21928514.068024,34,160,0,1,19538749.942789,43,164,0,1,19854420.041420,5,156,0,1,24328396.959968,15,180,0,1,21402423.001534,44,148,0,1,19479341.093349,7,80,0,1,24641389.954796,80,160,0,12,23599321.538538,78,124,0,12,24331061.370689,63,172,0,12,24770831.715564,86,160,0,12,25236252.833503,35,108,0,1,21554395.718101,60,144,0,12,26160606.232091,52,132,0,1,22316943.461304,33,64,0,1,22787766.871951,93,140,0,1,39425488.357370,24,76,0,1,24646957.394415,
19,1552384438,0.400000,13,164,0,1,20335941.453405,28,176,0,1,20977031.505200,30,188,0,1,21928620.488176,34,160,0,1,19538786.928525,43,164,0,1,19854504.046769,5,156,0,1,24328544.667336,15,180,0,1,21402361.009635,44,148,0,1,19479295.190551,7,80,0,1,24641526.607451,80,160,0,12,23599313.537613,78,124,0,12,24331136.807980,63,172,0,12,24770786.371173,86,160,0,12,25236347.675437,35,108,0,1,21554279.839930,60,144,0,12,26160507.978640,52,132,0,1,22316918.655819,33,64,0,1,22787941.260702,93,140,0,1,39425495.843513,24,76,0,1,24646824.790210,
19,1552384438,0.600000,13,164,0,1,20335951.670508,28,176,0,1,20977030.632689,30,188,0,1,21928727.056656,34,160,0,1,19538823.792110,43,164,0,1,19854587.999766,5,156,0,1,24328692.383429,15,180,0,1,21402298.869410,44,148,0,1,19479249.130702,7,80,0,1,24641663.879589,80,160,0,12,23599305.824617,78,124,0,12,24331214.356748,63,172,0,12,24770741.096583,86,160,0,12,25236442.622072,35,108,0,1,21554165.226900,60,144,0,12,26160409.428535,52,132,0,1,22316893.902685,33,64,0,1,22788114.968895,93,140,0,1,39425503.320931,24,76,0,1,24646691.950428,
19,1552384438,0.800000,13,164,0,1,20335961.782909,28,176,0,1,20977029.960855,30,188,0,1,21928833.424458,34,160,0,1,19538860.681871,43,164,0,1,19854671.856787,5,156,0,1,24328840.099523,15,180,0,1,21402236.685559,44,148,0,1,19479203.097027,7,84,0,1,24641800.305391,80,160,0,12,23599298.198872,78,124,0,12,24331292.315596,63,172,0,12,24770695.734742,86,160,0,12,25236537.586157,35,108,0,1,21554049.837335,60,140,0,12,26160311.035483,52,132,0,1,22316869.053575,33,68,0,1,22788289.811352,93,140,0,1,39425510.597672,24,76,0,1,24646559.119370,
19,1552384439,0.000000,13,164,0,1,20335971.965111,28,176,0,1,20977029.088345,30,188,0,1,21928940.001663,34,160,0,1,19538897.623982,43,164,0,1,19854755.914486,5,156,0,1,24328987.841791,15,180,0,1,21402174.615135,44,148,0,1,19479157.037178,7,84,0,1,24641936.931871,80,160,0,12,23599290.477150,78,124,0,12,24331368.573047,63,172,0,12,24770650.242025,86,160,0,12,25236632.646218,35,112,0,1,21553935.808887,60,140,0,12,26160212.529003,52,132,0,1,22316844.256816,33,68,0,1,22788465.770622,93,140,0,1,39425518.066365,24,76,0,1,24646427.501103,
19,1552384439,0.200000,13,164,0,1,20335982.016436,28,176,0,1,20977028.285635,30,188,0,1,21929046.517792,34,160,0,1,19538934.644618,43,164,0,1,19854840.007086,5,156,0,1,24329135.557884,15,180,0,1,21402112.579611,44,148,0,1,19479111.055854,7,84,0,1,24642073.628151,80,160,0,12,23599282.607102,78,124,0,12,24331447.395681,63,172,0,12,24770604.993610,86,160,0,12,25236727.776080,35,112,0,1,21553821.265658,60,144,0,12,26160114.327903,52,132,0,1,22316819.442606,33,68,0,1,22788639.504990,93,140,0,1,39425525.587409,24,76,0,1,24646295.673433,
19,1552384439,0.400000,13,164,0,1,20335992.224814,28,176,0,1,20977027.526550,30,188,0,1,21929152.964121,34,160,0,1,19538971.735056,43,164,0,1,19854924.064784,5,156,0,1,24329283.387404,15,180,0,1,21402050.578987,44,148,0,1,19479065.118156,7,84,0,1,24642210.350607,80,160,0,12,23599274.920281,78,124,0,12,24331523.181976,63,172,0,12,24770559.823721,86,160,0,12,25236822.836141,35,112,0,1,21553706.783505,60,144,0,12,26160015.716723,52,132,0,1,22316794.741823,33,68,0,1,22788813.605812,93,140,0,1,39425532.986301,24,76,0,1,24646164.037715,
19,1552384439,0.600000,13,164,0,1,20336002.433191,28,176,0,1,20977026.741290,30,188,0,1,21929259.462799,34,160,0,1,19539008.808044,43,164,0,1,19855008.087583,5,156,0,1,24329431.007521,15,180,0,1,21401988.552188,44,148,0,1,19479019.058306,7,84,0,1,24642347.142864,80,160,0,12,23599266.823380,78,124,0,12,24331600.722019,63,172,0,12,24770514.584032,86,160,0,12,25236917.721700,35,112,0,1,21553591.987247,60,144,0,12,26159917.471997,52,132,0,1,22316769.918888,33,68,0,1,22788988.003288,93,140,0,1,39425540.359018,24,76,0,1,24646031.485861,
19,1552384439,0.800000,13,164,0,1,20336012.571768,28,176,0,1,20977025.868779,30,188,0,1,21929365.839327,34,160,0,1,19539046.003183,43,164,0,1,19855092.127831,5,156,0,1,24329578.802140,15,180,0,1,21401926.473038,44,148,0,1,19478972.885030,7,84,0,1,24642484.013647,80,160,0,12,23599259.154009,78,124,0,12,24331678.576165,63,172,0,12,24770469.335617,86,160,0,12,25237012.860287,35,112,0,1,21553477.173540,60,144,0,12,26159818.913167,52,132,0,1,22316745.279181,33,68,0,1,22789161.676580,93,140,0,1,39425547.871337,24,76,0,1,24645898.288349,
19,1552384440,0.000000,13,164,0,1,20336022.832496,28,176,0,1,20977025.022444,30,188,0,1,21929472.355456,34,160,0,1,19539083.093621,43,164,0,1,19855176.185530,5,156,0,1,24329726.509508,15,184,0,1,21401864.254287,44,148,0,1,19478926.903706,7,84,0,1,24642620.657577,80,160,0,12,23599251.458463,78,124,0,12,24331754.475887,63,172,0,12,24770423.973776,86,160,0,12,25237108.129751,35,112,0,1,21553362.063178,60,144,0,12,26159720.459038,52,132,0,1,22316720.639473,33,68,0,1,22789335.908280,93,140,0,1,39425555.191704,24,76,0,1,24645766.504305,
19,1552384440,0.200000,13,164,0,1,20336033.215375,28,176,0,1,20977024.298260,30,188,0,1,21929579.002462,34,160,0,1,19539120.184059,43,164,0,1,19855260.199604,5,156,0,1,24329874.129625,15,184,0,1,21401802.314739,44,148,0,1,19478880.826406,7,88,0,1,24642756.786726,80,160,0,12,23599243.605865,78,124,0,12,24331831.579675,63,172,0,12,24770378.481059,86,160,0,12,25237203.355589,35,112,0,1,21553246.865566,60,144,0,12,26159621.917659,52,132,0,1,22316695.973590,33,68,0,1,22789510.951414,93,140,0,1,39425562.634221,24,72,0,1,24645634.615559,
19,1552384440,0.400000,13,164,0,1,20336043.310326,28,176,0,1,20977023.635152,30,188,0,1,21929685.509866,34,160,0,1,19539157.492624,43,164,0,1,19855344.292203,5,156,0,1,24330021.845718,15,184,0,1,21401740.235590,44,148,0,1,19478834.818907,7,84,0,1,24642893.369580,80,160,0,12,23599235.709642,78,124,0,12,24331908.020353,63,172,0,12,24770333.424597,86,160,0,12,25237298.677403,35,112,0,1,21553132.496839,60,144,0,12,26159523.664208,52,132,0,1,22316671.368783,33,68,0,1,22789685.584468,93,140,0,1,39425570.137815,24,72,0,1,24645502.988567,
19,1552384440,0.600000,13,164,0,1,20336053.597229,28,176,0,1,20977022.954593,30,188,0,1,21929792.095795,34,160,0,1,19539194.748839,43,164,0,1,19855428.297551,5,156,0,1,24330169.622887,15,184,0,1,21401678.077914,44,148,0,1,19478788.654356,7,88,0,1,24643031.331001,80,160,0,12,23599227.874494,78,124,0,12,24331985.132866,63,172,0,12,24770288.254708,86,160,0,12,25237393.746189,35,112,0,1,21553018.058311,60,144,0,12,26159425.375857,52,132,0,1,22316646.702901,33,68,0,1,22789859.702740,93,140,0,1,39425577.676309,24,72,0,1,24645369.442051,
19,1552384440,0.800000,13,164,0,1,20336063.709631,28,176,0,1,20977022.160608,30,188,0,1,21929898.707901,34,160,0,1,19539231.813101,43,164,0,1,19855512.233098,5,156,0,1,24330317.469857,15,184,0,1,21401615.920238,44,148,0,1,19478742.882435,7,88,0,1,24643168.315211,80,160,0,12,23599220.030621,78,124,0,12,24332062.062150,63,172,0,12,24770243.128445,86,160,0,12,25237488.727725,35,112,0,1,21552902.956675,60,140,0,12,26159326.721051,52,132,0,1,22316622.028293,33,68,0,1,22790035.374082,93,140,0,1,39425585.049026,24,68,0,1,24645237.492229,
19,1552384441,0.000000,13,164,0,1,20336073.787131,28,176,0,1,20977021.279372,30,188,0,1,21930005.389807,34,160,0,1,19539269.147842,43,164,0,1,19855596.177371,5,156,0,1,24330465.395353,15,184,0,1,21401553.980691,44,148,0,1,19478696.918561,7,84,0,1,24643305.491372,80,160,0,12,23599212.195474,78,124,0,12,24332138.895459,63,172,0,12,24770197.923656,86,160,0,12,25237583.787786,35,112,0,1,21552788.317469,60,140,0,12,26159228.301822,52,132,0,1,22316597.283884,33,68,0,1,22790210.382316,93,140,0,1,39425592.561345,24,68,0,1,24645104.748423,
19,1552384441,0.200000,13,164,0,1,20336084.047859,28,176,0,1,20977020.433037,30,188,0,1,21930111.914661,34,160,0,1,19539306.421507,43,164,0,1,19855680.208894,5,156,0,1,24330613.155071,15,184,0,1,21401491.980067,44,148,0,1,19478650.972138,7,84,0,1,24643442.833311,80,160,0,12,23599204.718055,78,124,0,12,24332215.911995,63,172,0,12,24770152.919544,86,160,0,12,25237679.048524,35,112,0,1,21552674.123244,60,140,0,12,26159129.760443,52,128,0,1,22316572.696527,33,68,0,1,22790384.395887,93,140,0,1,39425599.942787,24,68,0,1,24644971.795214,
19,1552384441,0.400000,13,164,0,1,20336094.142810,28,176,0,1,20977019.639052,30,188,0,1,21930218.631468,34,164,0,1,19539343.860950,43,164,0,1,19855764.336394,5,156,0,1,24330760.940965,15,184,0,1,21401430.023069,44,148,0,1,19478605.069340,7,88,0,1,24643579.983297,80,160,0,12,23599196.987609,78,124,0,12,24332293.015782,63,172,0,12,24770107.514078,86,160,0,12,25237774.370339,35,112,0,1,21552559.527665,60,140,0,12,26159031.271414,52,128,0,1,22316548.117896,33,68,0,1,22790558.889340,93,140,0,1,39425607.481281,24,68,0,1,24644838.641327,
19,1552384441,0.600000,13,164,0,1,20336104.359913,28,176,0,1,20977018.862517,30,188,0,1,21930325.165047,34,164,0,1,19539381.082264,43,164,0,1,19855848.533695,5,156,0,1,24330908.691959,15,184,0,1,21401368.013720,44,148,0,1,19478559.079291,7,84,0,1,24643717.560814,80,160,0,12,23599189.344413,78,124,0,12,24332370.014868,63,172,0,12,24770062.379090,86,160,0,12,25237869.578727,35,112,0,1,21552444.347502,60,140,0,12,26158932.991788,52,128,0,1,22316523.452013,33,68,0,1,22790733.042513,93,140,0,1,39425614.958699,24,68,0,1,24644705.243138,
19,1552384441,0.800000,13,164,0,1,20336114.585740,28,176,0,1,20977018.085982,30,188,0,1,21930431.785877,34,164,0,1,19539418.242503,43,164,0,1,19855932.521593,5,156,0,1,24331056.565104,15,184,0,1,21401306.013096,44,144,0,1,19478513.106693,7,84,0,1,24643854.300720,80,160,0,12,23599181.692493,78,124,0,12,24332447.031404,63,172,0,12,24770016.973623,86,160,0,12,25237964.726039,35,112,0,1,21552331.802323,60,140,0,12,26158834.677261,52,128,0,1,22316498.864656,33,68,0,1,22790907.998396,93,140,0,1,39425622.436118,24,68,0,1,24644572.743635,
19,1552384442,0.000000,13,164,0,1,20336124.663241,28,176,0,1,20977017.239647,30,188,0,1,21930538.389258,34,164,0,1,19539455.690670,43,164,0,1,19856016.779969,5,156,0,1,24331204.473150,15,184,0,1,21401244.186975,44,144,0,1,19478467.343497,7,84,0,1,24643990.185566,80,160,0,12,23599173.743919,78,124,0,12,24332524.056665,63,172,0,12,24769971.995687,86,160,0,12,25238059.829726,35,116,0,1,21552217.834951,60,140,0,12,26158736.249308,52,132,0,1,22316474.216223,33,68,0,1,22791082.675075,93,140,0,1,39425629.756484,24,68,0,1,24644440.409908,
19,1552384442,0.200000,13,164,0,1,20336135.002495,28,176,0,1,20977016.436937,30,188,0,1,21930644.975188,34,164,0,1,19539492.938160,43,164,0,1,19856100.951094,5,156,0,1,24331352.337570,15,184,0,1,21401182.186351,44,144,0,1,19478421.510500,7,84,0,1,24644126.794595,80,160,0,12,23599165.943671,78,124,0,12,24332600.881249,63,172,0,12,24769926.738547,86,160,0,12,25238154.776360,35,116,0,1,21552103.876304,60,140,0,12,26158637.742829,52,132,0,1,22316449.672492,33,68,0,1,22791258.407493,93,140,0,1,39425637.225177,24,68,0,1,24644307.587576,
19,1552384442,0.400000,13,164,0,1,20336145.367925,28,176,0,1,20977015.765103,30,188,0,1,21930751.543667,34,164,0,1,19539530.360152,43,164,0,1,19856184.938992,5,156,0,1,24331500.106014,15,184,0,1,21401120.107202,44,144,0,1,19478375.555351,7,84,0,1,24644262.888843,80,160,0,12,23599158.152149,78,124,0,12,24332677.827984,63,172,0,12,24769881.943838,86,160,0,12,25238250.115625,35,116,0,1,21551990.074709,60,140,0,12,26158539.498103,52,132,0,1,22316425.085135,33,68,0,1,22791434.349313,93,140,0,1,39425644.667695,24,68,0,1,24644174.625642,
19,1552384442,0.600000,13,164,0,1,20336155.872956,28,176,0,1,20977015.232872,30,188,0,1,21930858.216848,34,164,0,1,19539567.616367,43,164,0,1,19856269.022866,5,156,0,1,24331647.865732,15,184,0,1,21401058.193829,44,144,0,1,19478329.757255,7,84,0,1,24644401.530823,80,160,0,12,23599150.439153,78,124,0,12,24332754.914321,63,172,0,12,24769836.800125,86,160,0,12,25238345.376364,35,116,0,1,21551876.316740,60,144,0,12,26158441.070150,52,132,0,1,22316400.558854,33,68,0,1,22791610.046831,93,140,0,1,39425652.354516,24,68,0,1,24644041.925461,
19,1552384442,0.800000,13,164,0,1,20336166.177309,28,176,0,1,20977014.569763,30,188,0,1,21930964.846404,34,164,0,1,19539605.029633,43,164,0,1,19856353.167816,5,156,0,1,24331795.642901,15,184,0,1,21400996.263006,44,144,0,1,19478283.863182,7,84,0,1,24644538.907662,80,160,0,12,23599142.822133,78,120,0,12,24332831.791255,63,172,0,12,24769791.734937,86,160,0,12,25238440.532401,35,116,0,1,21551762.541320,60,144,0,12,26158342.633471,52,132,0,1,22316375.962772,33,68,0,1,22791784.278530,93,140,0,1,39425659.735958,24,68,0,1,24643908.885001,
19,1552384443,0.000000,13,164,0,1,20336176.403137,28,176,0,1,20977013.906655,30,188,0,1,21931071.598111,34,164,0,1,19539642.355649,43,164,0,1,19856437.382567,5,156,0,1,24331943.411345,15,184,0,1,21400934.166407,44,144,0,1,19478238.073811,7,84,0,1,24644675.586493,80,160,0,12,23599135.065511,78,124,0,12,24332908.886317,63,176,0,12,24769746.739551,86,160,0,12,25238535.897841,35,116,0,1,21551650.065942,60,144,0,12,26158244.284044,52,132,0,1,22316351.445217,33,68,0,1,22791959.086086,93,140,0,1,39425667.291902,24,64,0,1,24643776.725777,
19,1552384443,0.200000,13,164,0,1,20336186.594064,28,176,0,1,20977013.322073,30,188,0,1,21931178.218941,34,164,0,1,19539679.655490,43,164,0,1,19856521.588593,5,156,0,1,24332091.153613,15,184,0,1,21400872.122157,44,144,0,1,19478192.450217,7,84,0,1,24644812.082096,80,160,0,12,23599127.335065,78,120,0,12,24332985.754526,63,176,0,12,24769701.648188,86,160,0,12,25238630.992803,35,116,0,1,21551537.930842,60,144,0,12,26158146.117844,52,132,0,1,22316326.840409,33,68,0,1,22792134.242646,93,140,0,1,39425674.760596,24,64,0,1,24643644.950458,
19,1552384443,0.400000,13,164,0,1,20336196.750091,28,176,0,1,20977012.641514,30,188,0,1,21931284.848497,34,164,0,1,19539717.094932,43,164,0,1,19856605.646292,5,156,0,1,24332239.018033,15,184,0,1,21400810.296036,44,144,0,1,19478146.678296,7,80,0,1,24644949.467660,80,160,0,12,23599119.709320,78,120,0,12,24333062.614010,63,176,0,12,24769656.303798,86,160,0,12,25238726.227366,35,116,0,1,21551426.136022,60,144,0,12,26158047.663716,52,128,0,1,22316302.165802,33,68,0,1,22792308.884426,93,140,0,1,39425682.386341,24,64,0,1,24643512.276452,
19,1552384443,0.600000,13,164,0,1,20336206.941018,28,176,0,1,20977011.812629,30,188,0,1,21931391.460602,34,164,0,1,19539754.447123,43,164,0,1,19856689.669090,5,156,0,1,24332386.865003,15,184,0,1,21400748.373938,44,144,0,1,19478100.984900,7,80,0,1,24645085.876012,80,160,0,12,23599111.978873,78,120,0,12,24333139.560745,63,176,0,12,24769611.046658,86,160,0,12,25238821.427029,35,120,0,1,21551311.854546,60,144,0,12,26157949.453890,52,128,0,1,22316277.613345,33,68,0,1,22792483.709432,93,140,0,1,39425689.697982,24,60,0,1,24643380.832687,
19,1552384443,0.800000,13,164,0,1,20336217.315172,28,176,0,1,20977011.228047,30,188,0,1,21931498.133783,34,164,0,1,19539791.685887,43,164,0,1,19856773.709339,5,156,0,1,24332534.563646,15,184,0,1,21400686.443116,44,144,0,1,19478055.151904,7,80,0,1,24645223.025999,80,160,0,12,23599104.309502,78,120,0,12,24333216.708158,63,176,0,12,24769565.754618,86,160,0,12,25238916.626692,35,120,0,1,21551196.875062,60,144,0,12,26157851.095738,52,128,0,1,22316253.087064,33,68,0,1,22792659.110296,93,140,0,1,39425697.323727,24,60,0,1,24643248.560037,
19,1552384444,0.000000,13,164,0,1,20336227.610801,28,176,0,1,20977010.477687,30,188,0,1,21931604.597561,34,164,0,1,19539829.168955,43,164,0,1,19856857.897914,5,156,0,1,24332682.349540,15,184,0,1,21400624.363966,44,144,0,1,19478009.310182,7,80,0,1,24645358.422238,80,160,0,12,23599096.500530,78,120,0,12,24333293.907921,63,176,0,12,24769520.497478,86,160,0,12,25239011.651852,35,120,0,1,21551082.296932,60,144,0,12,26157752.946988,52,128,0,1,22316228.691660,33,68,0,1,22792834.135980,93,140,0,1,39425704.801145,24,56,0,1,24643116.130334,
19,1552384444,0.200000,13,164,0,1,20336237.766827,28,176,0,1,20977009.736053,30,188,0,1,21931711.288193,34,164,0,1,19539866.442620,43,164,0,1,19856942.034139,5,156,0,1,24332829.995833,15,184,0,1,21400562.459319,44,144,0,1,19477963.616786,7,80,0,1,24645495.066168,80,160,0,12,23599089.101638,78,120,0,12,24333370.741230,63,176,0,12,24769475.144362,86,160,0,12,25239106.877691,35,120,0,1,21550968.809441,60,140,0,12,26157654.545211,52,128,0,1,22316204.156654,33,68,0,1,22793009.859672,93,140,0,1,39425712.173862,24,56,0,1,24642981.589156,
19,1552384444,0.400000,13,164,0,1,20336247.983930,28,176,0,1,20977009.055495,30,188,0,1,21931817.830497,34,164,0,1,19539903.820987,43,164,0,1,19857026.196539,5,156,0,1,24332977.703201,15,184,0,1,21400500.502320,44,144,0,1,19477917.792515,7,80,0,1,24645631.867150,80,160,0,12,23599081.475892,78,120,0,12,24333447.914818,63,176,0,12,24769430.044274,86,160,0,12,25239202.199505,35,120,0,1,21550852.931270,60,140,0,12,26157556.239409,52,128,0,1,22316179.604197,33,68,0,1,22793185.086034,93,140,0,1,39425719.747257,24,56,0,1,24642846.952001,
19,1552384444,0.600000,13,164,0,1,20336258.270833,28,176,0,1,20977008.322585,30,188,0,1,21931924.346626,34,164,0,1,19539941.007401,43,164,0,1,19857110.411290,5,156,0,1,24333125.532720,15,184,0,1,21400438.527872,44,144,0,1,19477871.907167,7,80,0,1,24645767.996299,80,160,0,12,23599073.919948,78,120,0,12,24333524.678326,63,176,0,12,24769384.830760,86,160,0,12,25239297.137415,35,120,0,1,21550737.794733,60,140,0,12,26157458.090659,52,128,0,1,22316155.121542,33,68,0,1,22793360.879527,93,140,0,1,39425727.381727,24,56,0,1,24642713.309508,
19,1552384444,0.800000,13,164,0,1,20336268.531561,28,176,0,1,20977007.633302,30,188,0,1,21932031.107058,34,164,0,1,19539978.403217,43,164,0,1,19857194.451539,5,156,0,1,24333273.353515,15,184,0,1,21400376.509798,44,144,0,1,19477826.196322,7,76,0,1,24645903.916045,80,160,0,12,23599066.093526,78,120,0,12,24333601.406933,63,176,0,12,24769339.791748,86,160,0,12,25239392.337077,35,120,0,1,21550622.963576,60,140,0,12,26157359.741232,52,128,0,1,22316130.412034,33,68,0,1,22793535.294453,93,140,0,1,39425734.963847,24,52,0,1,24642579.222035,
19,1552384445,0.000000,13,164,0,1,20336278.766114,28,176,0,1,20977006.813142,30,188,0,1,21932137.631913,34,164,0,1,19540015.737958,43,164,0,1,19857278.509238,5,156,0,1,24333421.130684,15,184,0,1,21400314.570250,44,144,0,1,19477780.502927,7,76,0,1,24646040.402923,80,160,0,12,23599058.459055,78,120,0,12,24333678.039564,63,176,0,12,24769294.586959,86,160,0,12,25239487.650167,35,120,0,1,21550507.731063,60,140,0,12,26157261.234753,52,128,0,1,22316105.807226,33,64,0,1,22793710.843644,93,140,0,1,39425742.284213,24,52,0,1,24642445.945997,
19,1552384445,0.200000,13,164,0,1,20336289.201344,28,176,0,1,20977006.115133,30,188,0,1,21932244.331269,34,164,0,1,19540053.107599,43,164,0,1,19857362.540761,5,156,0,1,24333568.968928,15,184,0,1,21400252.665603,44,144,0,1,19477734.704830,7,76,0,1,24646177.500558,80,160,0,12,23599050.929286,78,120,0,12,24333750.344541,63,176,0,12,24769249.565397,86,160,0,12,25239582.910905,35,120,0,1,21550394.234847,60,140,0,12,26157162.920226,52,128,0,1,22316081.324571,33,64,0,1,22793885.991479,93,140,0,1,39425749.674380,24,48,0,1,24642313.437769,
19,1552384445,0.400000,13,164,0,1,20336299.540598,28,176,0,1,20977005.425849,30,192,0,1,21932351.082976,34,164,0,1,19540090.451065,43,164,0,1,19857446.633360,5,156,0,1,24333716.711197,15,184,0,1,21400190.726055,44,144,0,1,19477689.002710,7,72,0,1,24646314.257915,80,160,0,12,23599043.085413,78,120,0,12,24333828.547692,63,176,0,12,24769204.264632,86,160,0,12,25239678.145469,35,120,0,1,21550283.268912,60,140,0,12,26157064.553349,52,132,0,1,22316056.885541,33,64,0,1,22794061.706447,93,140,0,1,39425757.160524,24,44,0,1,24642181.313445,
19,1552384445,0.600000,13,164,0,1,20336309.871127,28,176,0,1,20977004.649315,30,192,0,1,21932457.695081,34,164,0,1,19540127.794531,43,164,0,1,19857530.804486,5,156,0,1,24333864.523266,15,184,0,1,21400128.803958,44,144,0,1,19477643.082462,7,68,0,1,24646449.697780,80,160,0,12,23599035.398593,78,120,0,12,24333903.304425,63,176,0,12,24769159.199445,86,160,0,12,25239773.249155,35,124,0,1,21550168.629706,60,140,0,12,26156966.212647,52,132,0,1,22316032.306909,33,64,0,1,22794237.482490,93,140,0,1,39425764.568141,24,44,0,1,24642049.101870,
19,1552384445,0.800000,13,164,0,1,20336320.027154,28,176,0,1,20977004.134533,30,188,0,1,21932564.420613,34,164,0,1,19540165.120547,43,164,0,1,19857614.966886,5,156,0,1,24334012.282985,15,184,0,1,21400066.768433,44,144,0,1,19477597.040062,7,68,0,1,24646584.832266,80,160,0,12,23599027.764122,78,120,0,12,24333980.094108,63,176,0,12,24769114.177883,86,160,0,12,25239868.466268,35,124,0,1,21550056.808711,60,140,0,12,26156867.706168,52,132,0,1,22316007.754453,33,64,0,1,22794413.110207,93,140,0,1,39425772.036834,24,44,0,1,24641916.550016,
19,1552384446,0.000000,13,164,0,1,20336330.340233,28,176,0,1,20977003.515051,30,192,0,1,21932671.041443,34,164,0,1,19540202.420387,43,164,0,1,19857699.042035,5,156,0,1,24334160.147405,15,184,0,1,21400004.863786,44,144,0,1,19477551.250691,7,68,0,1,24646721.144642,80,160,0,12,23599019.911524,78,120,0,12,24334060.862441,63,176,0,12,24769069.077795,86,160,0,12,25239963.692107,35,124,0,1,21549942.719188,60,140,0,12,26156769.339290,52,132,0,1,22315983.306698,33,64,0,1,22794587.525133,93,140,0,1,39425779.610229,24,44,0,1,24641783.971987,
18,1552384446,0.200000,13,164,0,1,20336340.574785,28,176,0,1,20977002.799592,30,192,0,1,21932777.749525,34,164,0,1,19540239.824929,43,164,0,1,19857783.125909,5,156,0,1,24334307.968199,15,184,0,1,21399942.950413,44,144,0,1,19477505.452595,80,160,0,12,23599012.093827,78,120,0,12,24334137.966228,63,176,0,12,24769023.811931,86,160,0,12,25240058.821969,35,124,0,1,21549829.790104,60,140,0,12,26156670.745560,52,132,0,1,22315958.920019,33,60,0,1,22794761.660856,93,140,0,1,39425787.078922,24,44,0,1,24641652.615473,
18,1552384446,0.400000,13,164,0,1,20336350.940215,28,176,0,1,20977002.206284,30,192,0,1,21932884.300554,34,160,0,1,19540277.255646,43,164,0,1,19857867.227234,5,156,0,1,24334455.588316,15,184,0,1,21399880.958515,44,144,0,1,19477459.628323,80,160,0,12,23599004.092902,78,120,0,12,24334213.560571,63,176,0,12,24768978.546066,86,160,0,12,25240154.169958,35,124,0,1,21549714.906595,60,140,0,12,26156572.387408,52,132,0,1,22315934.568240,33,60,0,1,22794935.665702,93,140,0,1,39425794.652316,24,40,0,1,24641520.613301,
17,1552384446,0.600000,13,164,0,1,20336361.279469,28,176,0,1,20977001.691503,30,192,0,1,21932990.895209,34,164,0,1,19540314.546762,43,164,0,1,19857951.311108,5,156,0,1,24334603.365485,15,184,0,1,21399818.992792,44,144,0,1,19477413.838951,80,160,0,12,23598996.502057,78,120,0,12,24334289.242166,63,176,0,12,24768933.524504,86,160,0,12,25240249.352171,35,124,0,1,21549597.859260,60,144,0,12,26156474.011805,52,132,0,1,22315910.164110,33,60,0,1,22795110.804812,93,140,0,1,39425802.243161,
17,1552384446,0.800000,13,164,0,1,20336371.732149,28,176,0,1,20977001.045845,30,192,0,1,21933097.393888,34,160,0,1,19540351.968753,43,164,0,1,19858035.552034,5,156,0,1,24334751.256081,15,184,0,1,21399757.044519,44,144,0,1,19477368.154281,80,160,0,12,23598988.797786,78,120,0,12,24334363.789496,63,176,0,12,24768888.153938,86,160,0,12,25240344.359882,35,124,0,1,21549482.652922,60,144,0,12,26156375.784529,52,132,0,1,22315885.873407,33,60,0,1,22795286.118425,93,140,0,1,39425809.624603,
17,1552384447,0.000000,13,164,0,1,20336382.062678,28,176,0,1,20977000.269310,30,192,0,1,21933203.953643,34,160,0,1,19540389.329670,43,164,0,1,19858119.513756,5,156,0,1,24334898.867472,15,184,0,1,21399695.008995,44,144,0,1,19477322.286384,80,160,0,12,23598981.233117,78,120,0,12,24334437.595192,63,176,0,12,24768842.922973,86,160,0,12,25240439.542094,35,124,0,1,21549367.970091,60,144,0,12,26156277.330401,52,132,0,1,22315861.495453,33,60,0,1,22795461.344786,93,140,0,1,39425817.215448,
17,1552384447,0.200000,13,164,0,1,20336392.367032,28,180,0,1,20976999.632377,30,192,0,1,21933310.600649,34,160,0,1,19540426.542259,43,164,0,1,19858203.649981,5,156,0,1,24335046.513765,15,184,0,1,21399632.990921,44,144,0,1,19477276.558088,80,156,0,12,23598973.511395,78,120,0,12,24334515.231210,63,176,0,12,24768797.953762,86,160,0,12,25240534.759207,35,124,0,1,21549251.516063,60,144,0,12,26156179.007149,52,132,0,1,22315837.073873,33,60,0,1,22795635.934215,93,140,0,1,39425824.719042,
17,1552384447,0.400000,13,164,0,1,20336402.584134,28,180,0,1,20976999.100145,30,192,0,1,21933417.291280,34,160,0,1,19540463.807199,43,164,0,1,19858287.803656,5,156,0,1,24335194.334559,15,184,0,1,21399571.016473,44,144,0,1,19477230.917044,80,156,0,12,23598965.955451,78,120,0,12,24334592.064519,63,176,0,12,24768752.827499,86,160,0,12,25240629.880344,35,124,0,1,21549135.698968,60,144,0,12,26156080.884575,52,132,0,1,22315812.512692,33,56,0,1,22795810.514918,93,140,0,1,39425832.231360,
17,1552384447,0.600000,13,164,0,1,20336412.888488,28,180,0,1,20976998.585364,30,192,0,1,21933523.981911,34,160,0,1,19540501.194291,43,164,0,1,19858372.035857,5,152,0,1,24335341.972126,15,184,0,1,21399508.946048,44,144,0,1,19477185.258549,80,160,0,12,23598957.980702,78,120,0,12,24334670.730101,63,176,0,12,24768707.526734,86,160,0,12,25240724.966581,35,124,0,1,21549022.080600,60,144,0,12,26155982.421721,52,132,0,1,22315788.108562,33,56,0,1,22795985.409725,93,140,0,1,39425839.569177,
17,1552384447,0.800000,13,164,0,1,20336423.140490,28,180,0,1,20976997.992057,30,192,0,1,21933630.663817,34,160,0,1,19540538.485406,43,160,0,1,19858456.084831,5,156,0,1,24335489.897622,15,184,0,1,21399446.927974,44,144,0,1,19477139.573879,80,156,0,12,23598950.241530,78,120,0,12,24334748.209068,63,176,0,12,24768662.330670,86,160,0,12,25240820.340746,35,124,0,1,21548910.285780,60,144,0,12,26155884.098469,52,132,0,1,22315763.782959,33,52,0,1,22796160.670987,93,140,0,1,39425846.941894,
17,1552384448,0.000000,13,164,0,1,20336433.436119,28,180,0,1,20976997.433650,30,192,0,1,21933737.284648,34,160,0,1,19540575.846322,43,160,0,1,19858540.029104,5,152,0,1,24335637.535189,15,184,0,1,21399384.979701,44,144,0,1,19477093.836858,80,156,0,12,23598942.511084,78,120,0,12,24334825.400106,63,176,0,12,24768617.256758,86,160,0,12,25240915.557859,35,124,0,1,21548795.506973,60,144,0,12,26155785.487289,52,132,0,1,22315739.370104,33,56,0,1,22796335.277866,93,140,0,1,39425854.393137,
17,1552384448,0.200000,13,164,0,1,20336443.670672,28,180,0,1,20976996.857792,30,192,0,1,21933844.027630,34,160,0,1,19540613.189788,43,160,0,1,19858624.025727,5,152,0,1,24335785.399609,15,184,0,1,21399323.232106,44,144,0,1,19477048.204539,80,160,0,12,23598934.545059,78,120,0,12,24334896.405042,63,176,0,12,24768571.825116,86,160,0,12,25241010.836048,35,124,0,1,21548678.311311,60,144,0,12,26155687.181487,52,132,0,1,22315714.931074,33,56,0,1,22796509.692792,93,140,0,1,39425861.879280,
17,1552384448,0.400000,13,164,0,1,20336453.966300,28,180,0,1,20976996.299385,30,192,0,1,21933950.552484,34,160,0,1,19540650.524529,43,160,0,1,19858708.057250,5,152,0,1,24335933.290205,15,184,0,1,21399261.310008,44,144,0,1,19477002.546044,80,160,0,12,23598926.849513,78,120,0,12,24334974.285363,63,176,0,12,24768526.698853,86,160,0,12,25241106.184037,35,124,0,1,21548563.829157,60,144,0,12,26155588.954212,52,132,0,1,22315690.683997,33,56,0,1,22796683.462061,93,140,0,1,39425869.234547,
17,1552384448,0.600000,13,164,0,1,20336464.227028,28,180,0,1,20976995.653727,30,192,0,1,21934057.164589,34,160,0,1,19540687.867995,43,160,0,1,19858792.210925,5,152,0,1,24336080.971397,15,184,0,1,21399199.414086,44,144,0,1,19476956.765398,80,160,0,12,23598918.935839,78,120,0,12,24335053.753655,63,176,0,12,24768481.528964,86,160,0,12,25241201.340075,35,124,0,1,21548446.659670,60,144,0,12,26155490.814187,52,132,0,1,22315666.271142,33,52,0,1,22796857.868262,93,140,0,1,39425876.572364,
17,1552384448,0.800000,13,164,0,1,20336474.513932,28,180,0,1,20976995.130221,30,192,0,1,21934163.890121,34,160,0,1,19540725.342337,43,160,0,1,19858876.486752,5,156,0,1,24336228.792192,15,184,0,1,21399137.439638,44,144,0,1,19476910.932401,80,160,0,12,23598911.301369,78,120,0,12,24335129.635927,63,176,0,12,24768436.306725,86,160,0,12,25241296.461212,35,128,0,1,21548331.243930,60,144,0,12,26155392.403684,52,132,0,1,22315641.945539,33,56,0,1,22797033.120799,93,140,0,1,39425883.962531,
17,1552384449,0.000000,13,164,0,1,20336484.957887,28,180,0,1,20976994.711416,30,192,0,1,21934270.554577,34,160,0,1,19540762.720704,43,160,0,1,19858960.657877,5,152,0,1,24336376.551911,15,184,0,1,21399075.473914,44,144,0,1,19476865.186655,80,160,0,12,23598903.832676,78,120,0,12,24335209.139119,63,176,0,12,24768391.110661,86,160,0,12,25241391.460197,35,128,0,1,21548216.709426,60,144,0,12,26155294.097882,52,132,0,1,22315617.654835,33,56,0,1,22797207.500824,93,140,0,1,39425891.457399,
17,1552384449,0.200000,13,164,0,1,20336495.384392,28,180,0,1,20976994.196634,30,192,0,1,21934377.236483,34,160,0,1,19540800.055445,43,160,0,1,19859044.890078,5,152,0,1,24336524.224378,15,184,0,1,21399013.630343,44,144,0,1,19476819.501985,80,160,0,12,23598896.224381,78,120,0,12,24335282.683062,63,176,0,12,24768345.870971,86,160,0,12,25241486.965239,35,128,0,1,21548102.829305,60,144,0,12,26155195.800806,52,132,0,1,22315593.268156,33,52,0,1,22797381.758699,93,140,0,1,39425898.838841,
18,1552384449,0.400000,13,164,0,1,20336505.514243,28,180,0,1,20976993.516076,30,192,0,1,21934484.023090,34,160,0,1,19540837.477437,43,160,0,1,19859129.104829,5,152,0,1,24336671.984097,15,184,0,1,21398951.769321,44,144,0,1,19476773.738789,8,108,0,1,24088869.373100,80,160,0,12,23598888.432859,78,120,0,12,24335362.064102,63,176,0,12,24768300.701083,86,160,0,12,25241582.147451,35,128,0,1,21547988.539104,60,144,0,12,26155097.590980,52,132,0,1,22315568.785501,33,52,0,1,22797556.566255,93,140,0,1,39425906.272634,
18,1552384449,0.600000,13,164,0,1,20336515.905848,28,180,0,1,20976992.931493,30,192,0,1,21934590.652646,34,160,0,1,19540874.812177,43,160,0,1,19859213.249779,5,152,0,1,24336819.621664,15,184,0,1,21398889.925749,44,144,0,1,19476728.027944,8,112,0,1,24088945.307722,80,160,0,12,23598880.693687,78,120,0,12,24335436.934261,63,176,0,12,24768255.670796,86,160,0,12,25241677.416915,35,128,0,1,21547873.280416,60,144,0,12,26154999.171752,52,132,0,1,22315544.433722,33,52,0,1,22797731.138233,93,140,0,1,39425913.828579,
18,1552384449,0.800000,13,164,0,1,20336526.262552,28,180,0,1,20976992.486513,30,192,0,1,21934697.413078,34,160,0,1,19540912.225444,43,160,0,1,19859297.551781,5,156,0,1,24336967.311582,15,184,0,1,21398828.204329,44,144,0,1,19476682.317099,8,112,0,1,24089020.448360,80,160,0,12,23598873.120293,78,120,0,12,24335513.863546,63,176,0,12,24768210.561983,86,160,0,12,25241772.764905,35,128,0,1,21547757.000890,60,144,0,12,26154900.874676,52,132,0,1,22315520.195369,33,52,0,1,22797905.797463,93,140,0,1,39425921.314722,
18,1552384450,0.000000,13,164,0,1,20336536.645432,28,180,0,1,20976992.085158,30,192,0,1,21934804.129884,34,160,0,1,19540949.499109,43,160,0,1,19859381.871233,5,156,0,1,24337115.001500,15,184,0,1,21398766.404383,44,144,0,1,19476636.623703,8,112,0,1,24089094.175530,80,160,0,12,23598865.538173,78,120,0,12,24335589.335738,63,176,0,12,24768165.313568,86,160,0,12,25241868.156520,35,128,0,1,21547641.018018,60,144,0,12,26154802.656125,52,132,0,1,22315495.878491,33,52,0,1,22798079.601631,93,140,0,1,39425929.001543,
18,1552384450,0.200000,13,164,0,1,20336547.010861,28,180,0,1,20976991.587827,30,192,0,1,21934910.698364,34,160,0,1,19540987.017077,43,160,0,1,19859466.155785,5,156,0,1,24337262.865920,15,184,0,1,21398704.665512,44,144,0,1,19476590.982659,8,112,0,1,24089164.246879,80,160,0,12,23598857.903703,78,120,0,12,24335662.740079,63,176,0,12,24768120.091329,86,160,0,12,25241963.425984,35,128,0,1,21547525.253273,60,144,0,12,26154704.175821,52,132,0,1,22315471.561613,33,52,0,1,22798255.299149,93,140,0,1,39425936.452786,
18,1552384450,0.400000,13,164,0,1,20336557.489717,28,180,0,1,20976991.134121,30,192,0,1,21935017.380270,34,160,0,1,19541024.508870,43,160,0,1,19859550.326910,5,156,0,1,24337410.677989,15,184,0,1,21398642.725965,44,144,0,1,19476545.280539,8,112,0,1,24089234.911536,80,160,0,12,23598850.321583,78,120,0,12,24335745.305784,63,176,0,12,24768075.017417,86,160,0,12,25242059.000826,35,128,0,1,21547411.216100,60,140,0,12,26154605.974721,52,132,0,1,22315447.122583,33,52,0,1,22798429.993278,93,140,0,1,39425943.947654,
18,1552384450,0.600000,13,164,0,1,20336567.916222,28,180,0,1,20976990.566989,30,192,0,1,21935124.123252,34,160,0,1,19541062.018113,43,160,0,1,19859634.428234,5,156,0,1,24337558.490059,15,184,0,1,21398580.864943,44,144,0,1,19476499.552243,8,112,3,1,24089309.266914,80,160,0,12,23598842.556236,78,120,0,12,24335818.710125,63,176,0,12,24768029.987130,86,160,0,12,25242154.479693,35,128,0,1,21547297.013150,60,140,0,12,26154507.634019,52,132,0,1,22315422.884230,33,52,0,1,22798604.861910,93,140,0,1,39425951.381447,
18,1552384450,0.800000,13,164,0,1,20336578.238026,28,180,0,1,20976989.964956,30,192,0,1,21935230.892409,34,160,0,1,19541099.605882,43,160,0,1,19859718.721511,5,156,0,1,24337706.354479,15,184,0,1,21398519.230774,44,144,0,1,19476453.858848,8,112,2,1,24089382.217549,80,160,0,12,23598835.235870,78,120,0,12,24335895.674310,63,176,0,12,24767984.843417,86,164,0,12,25242249.679356,35,128,0,1,21547180.637648,60,140,0,12,26154409.328217,52,132,0,1,22315398.628427,33,52,0,1,22798779.102334,93,140,0,1,39425958.963567,
18,1552384451,0.000000,13,164,0,1,20336588.629630,28,180,0,1,20976989.432725,30,192,0,1,21935337.583041,34,160,0,1,19541137.150026,43,160,0,1,19859802.953712,5,152,0,1,24337853.992046,15,184,0,1,21398457.395927,44,144,0,1,19476408.113102,8,108,2,1,24089453.632565,80,160,0,12,23598827.557774,78,120,0,12,24335973.188178,63,176,0,12,24767939.734604,86,164,0,12,25242344.879019,35,128,0,1,21547065.248083,60,140,0,12,26154310.935165,52,132,0,1,22315374.294099,33,52,0,1,22798953.578337,93,140,0,1,39425966.371184,
18,1552384451,0.200000,13,164,0,1,20336599.143387,28,180,0,1,20976989.005194,30,192,0,1,21935444.221321,34,160,0,1,19541174.615643,43,160,0,1,19859887.081212,5,152,0,1,24338001.847741,15,184,0,1,21398395.735583,44,144,0,1,19476362.463333,8,108,2,1,24089523.895867,80,160,0,12,23598819.818603,78,120,0,12,24336049.052999,63,176,0,12,24767894.756667,86,164,0,12,25242440.139757,35,128,0,1,21546949.492064,60,140,0,12,26154212.777690,52,132,0,1,22315349.916145,33,56,0,1,22799129.511432,93,140,0,1,39425973.770076,
18,1552384451,0.400000,13,164,0,1,20336609.447740,28,180,0,1,20976988.359536,30,192,0,1,21935550.850877,34,164,0,1,19541212.159787,43,160,0,1,19859971.095285,5,152,0,1,24338149.546384,15,184,0,1,21398333.944362,44,144,0,1,19476316.874639,8,108,2,1,24089603.451409,80,160,0,12,23598812.044531,78,120,0,12,24336127.474278,63,176,0,12,24767849.770006,86,164,0,12,25242535.383046,35,128,0,1,21546834.748157,60,140,0,12,26154114.436988,52,132,0,1,22315325.555641,33,56,0,1,22799305.688830,93,140,0,1,39425981.116618,
18,1552384451,0.600000,13,164,0,1,20336619.882970,28,180,0,1,20976987.722603,30,192,0,1,21935657.323380,34,164,0,1,19541249.860982,43,160,0,1,19860055.275135,5,152,0,1,24338297.445704,15,184,0,1,21398272.083340,44,144,0,1,19476271.155068,8,108,2,1,24089678.862525,80,160,0,12,23598804.348985,78,120,0,12,24336209.821855,63,176,0,12,24767804.783345,86,160,0,12,25242630.539083,35,128,0,1,21546720.562657,60,140,0,12,26154016.174812,52,132,0,1,22315301.273663,33,56,0,1,22799480.452761,93,140,0,1,39425988.628937,
18,1552384451,0.800000,13,164,0,1,20336630.388001,28,180,0,1,20976987.103121,30,192,0,1,21935764.083813,34,164,0,1,19541287.579628,43,160,0,1,19860139.568412,5,152,0,1,24338445.187973,15,184,0,1,21398210.274669,44,144,0,1,19476225.514024,8,108,2,1,24089750.548020,80,160,0,12,23598796.827941,78,120,0,12,24336283.522850,63,176,0,12,24767759.718157,86,160,0,12,25242725.895798,35,128,0,1,21546605.356320,60,144,0,12,26153918.122038,52,132,0,1,22315276.948059,33,56,0,1,22799656.246254,93,140,0,1,39425996.132531,
18,1552384452,0.000000,13,164,0,1,20336640.814507,28,180,0,1,20976986.361486,30,192,0,1,21935870.765719,34,164,0,1,19541325.141222,43,160,0,1,19860223.634836,5,152,0,1,24338592.808090,15,184,0,1,21398148.413647,44,144,0,1,19476179.942780,8,104,2,1,24089827.128300,80,160,0,12,23598789.080044,78,120,0,12,24336358.837990,63,176,0,12,24767714.626795,86,164,0,12,25242821.287413,35,128,0,1,21546491.066119,60,144,0,12,26153820.060540,52,132,0,1,22315252.779508,33,56,0,1,22799831.315564,93,144,0,1,39426003.592499,
18,1552384452,0.200000,13,164,0,1,20336651.031609,28,180,0,1,20976985.759454,30,192,0,1,21935977.465075,34,164,0,1,19541362.763891,43,160,0,1,19860307.971739,5,152,0,1,24338740.463107,15,184,0,1,21398086.735852,44,144,0,1,19476134.327911,8,104,2,1,24089902.242763,80,160,0,12,23598781.340872,78,120,0,12,24336436.447833,63,176,0,12,24767669.387105,86,164,0,12,25242916.426000,35,128,0,1,21546376.470539,60,140,0,12,26153721.815814,52,132,0,1,22315228.602231,33,56,0,1,22800006.062044,93,144,0,1,39426011.122268,
18,1552384452,0.400000,13,164,0,1,20336661.449389,28,180,0,1,20976985.113796,30,192,0,1,21936084.112081,34,164,0,1,19541400.246959,43,160,0,1,19860392.064338,5,152,0,1,24338888.257726,15,184,0,1,21398024.883555,44,144,0,1,19476088.617066,8,104,2,1,24089979.145872,80,160,0,12,23598773.802378,78,120,0,12,24336512.111977,63,176,0,12,24767624.252117,86,164,0,12,25243011.503512,35,128,0,1,21546261.700457,60,144,0,12,26153623.195908,52,132,0,1,22315204.477305,33,56,0,1,22800181.105178,93,144,0,1,39426018.669487,
18,1552384452,0.600000,13,164,0,1,20336672.015496,28,180,0,1,20976984.494313,30,192,0,1,21936190.828887,34,164,0,1,19541438.000505,43,160,0,1,19860476.261638,5,152,0,1,24339036.017445,15,184,0,1,21397963.118510,44,144,0,1,19476042.941121,8,104,2,1,24090054.452287,80,160,0,12,23598766.019581,78,120,0,12,24336586.388829,63,176,0,12,24767579.056053,86,164,0,12,25243106.799151,35,128,0,1,21546146.441769,60,140,0,12,26153524.619628,52,132,0,1,22315180.160426,33,56,0,1,22800355.546280,93,144,0,1,39426026.033479,
18,1552384452,0.800000,13,164,0,1,20336682.380925,28,180,0,1,20976983.822480,30,192,0,1,21936297.502068,34,164,0,1,19541475.588274,43,160,0,1,19860560.336787,5,152,0,1,24339183.881865,15,184,0,1,21397901.327289,44,144,0,1,19475997.212825,8,104,2,1,24090128.676788,80,160,0,12,23598758.297860,78,116,0,12,24336665.708794,63,176,0,12,24767533.999591,86,164,0,12,25243202.024989,35,128,0,1,21546031.375033,60,144,0,12,26153426.313827,52,132,0,1,22315155.808648,33,56,0,1,22800530.859892,93,144,0,1,39426033.458546,
18,1552384453,0.000000,13,164,0,1,20336692.912132,28,180,0,1,20976983.360049,30,192,0,1,21936404.218875,34,164,0,1,19541513.158593,43,160,0,1,19860644.595164,5,152,0,1,24339331.807361,15,184,0,1,21397839.370291,44,144,0,1,19475951.440904,8,104,2,1,24090201.330770,80,156,0,12,23598750.750641,78,116,0,12,24336743.510589,63,176,0,12,24767488.899503,86,164,0,12,25243297.634732,35,128,0,1,21545916.212321,60,144,0,12,26153327.798622,52,132,0,1,22315131.570295,33,56,0,1,22800705.030516,93,144,0,1,39426040.831263,
