obsCount, time1, time2, sat, SNR, LLI, code,P
19,1552384130,0.000000,44,156,0,1,19463038.846909,5,96,0,1,24008912.082787,30,200,0,1,21674290.780286,15,172,0,1,21409932.510786,52,136,0,1,22270052.222131,7,112,0,1,24339047.429887,8,128,0,1,23879133.059710,28,192,0,1,20890593.160393,80,160,0,12,23521895.158005,78,144,0,12,24122815.113942,63,148,0,12,24750931.600680,86,172,0,12,24998652.186929,34,172,0,1,19396454.541636,43,160,0,1,19637080.833938,35,136,2,1,21643309.524621,33,120,2,1,22427412.930440,60,148,0,12,26220873.010811,13,176,0,1,20232808.118832,42,68,0,1,23665182.394222,
19,1552384130,0.200000,44,152,0,1,19462986.025100,5,92,0,1,24009059.362624,30,200,0,1,21674394.286252,15,172,0,1,21409865.013344,52,136,0,1,22270017.915003,7,112,0,1,24339183.986566,8,124,0,1,23879203.165960,28,192,0,1,20890586.180305,80,160,0,12,23521883.379108,78,144,0,12,24122888.561908,63,148,0,12,24750883.167601,86,172,0,12,24998745.065713,34,172,0,1,19396482.104254,43,160,0,1,19637158.775336,35,136,0,1,21643189.248996,33,120,2,1,22427586.987637,60,148,0,12,26220773.413693,13,176,0,1,20232811.713577,42,64,0,1,23665347.708860,
19,1552384130,0.400000,44,152,0,1,19462933.150940,5,92,0,1,24009208.082105,30,200,0,1,21674497.853294,15,172,0,1,21409797.332674,52,136,0,1,22269983.529349,7,112,0,1,24339319.461332,8,124,0,1,23879273.307110,28,192,0,1,20890579.174043,80,160,0,12,23521871.827064,78,144,0,12,24122961.948799,63,148,0,12,24750834.045238,86,172,0,12,24998838.188800,34,172,0,1,19396509.745399,43,160,0,1,19637236.926136,35,136,0,1,21643068.886119,33,124,2,1,22427760.006546,60,148,0,12,26220673.519921,13,176,0,1,20232815.125094,42,60,0,1,23665512.377839,
19,1552384130,0.600000,44,152,0,1,19462880.451282,5,92,0,1,24009356.696884,30,200,0,1,21674601.158583,15,172,0,1,21409729.774156,52,136,0,1,22269949.283296,7,112,0,1,24339456.140162,8,124,0,1,23879343.587862,28,192,0,1,20890572.228856,80,160,0,12,23521860.266295,78,144,0,12,24123035.230988,63,148,0,12,24750784.853074,86,172,0,12,24998931.486389,34,172,0,1,19396537.386544,43,160,0,1,19637315.024585,35,136,0,1,21642948.627943,33,120,2,1,22427933.557687,60,148,0,12,26220573.896628,13,176,0,1,20232819.042668,42,60,0,1,23665677.125345,
19,1552384130,0.800000,44,152,0,1,19462827.664374,5,92,0,1,24009506.367402,30,200,0,1,21674704.655825,15,172,0,1,21409662.337790,52,136,0,1,22269915.028519,7,112,0,1,24339592.827718,8,124,0,1,23879413.729012,28,192,0,1,20890565.292395,80,160,0,12,23521848.923653,78,144,0,12,24123108.687680,63,148,0,12,24750735.800512,86,172,0,12,24999024.845054,34,172,0,1,19396564.992789,43,160,0,1,19637393.227736,35,136,0,1,21642828.387218,33,120,2,1,22428105.747710,60,148,0,12,26220474.229710,13,176,0,1,20232822.777015,42,60,0,1,23665841.035240,
19,1552384131,0.000000,44,152,0,1,19462774.790214,5,92,0,1,24009653.769391,30,200,0,1,21674808.022190,15,172,0,1,21409594.718196,52,136,0,1,22269880.791192,7,112,0,1,24339728.468260,8,124,0,1,23879483.922513,28,192,0,1,20890558.303583,80,160,0,12,23521837.179656,78,144,0,12,24123181.908793,63,148,0,12,24750686.800301,86,172,0,12,24999118.064117,34,172,0,1,19396592.581583,43,160,0,1,19637471.439612,35,136,0,1,21642708.067967,33,120,2,1,22428278.190762,60,148,0,12,26220374.327213,13,176,0,1,20232826.633513,42,60,0,1,23666004.107525,
19,1552384131,0.200000,44,152,0,1,19462721.968405,5,92,0,1,24009802.070067,30,200,0,1,21674911.545606,15,172,0,1,21409527.308005,52,136,0,1,22269846.475339,7,112,0,1,24339864.039002,8,124,0,1,23879554.264340,28,188,0,1,20890551.323496,80,160,0,12,23521825.418210,78,144,0,12,24123255.138632,63,148,0,12,24750637.983316,86,172,0,12,24999211.178479,34,172,0,1,19396620.257628,43,160,0,1,19637549.546787,35,136,0,1,21642587.958118,33,120,2,1,22428451.113695,60,148,0,12,26220274.494517,13,176,0,1,20232830.385310,42,60,0,1,23666169.177860,
19,1552384131,0.400000,44,152,0,1,19462669.120420,5,92,0,1,24009950.658671,30,200,0,1,21675014.946872,15,172,0,1,21409459.758212,52,136,0,1,22269812.168210,7,112,0,1,24340001.223888,8,124,0,1,23879624.518917,28,188,0,1,20890544.308508,80,160,0,12,23521813.735289,78,144,0,12,24123328.438272,63,148,0,12,24750589.236133,86,172,0,12,24999304.729096,34,172,0,1,19396647.863873,43,160,0,1,19637627.741212,35,136,0,1,21642467.638867,33,120,2,1,22428622.588259,60,148,0,12,26220174.714172,13,176,0,1,20232834.145832,42,60,0,1,23666334.003891,
19,1552384131,0.600000,44,152,0,1,19462616.420763,5,96,0,1,24010099.901658,30,200,0,1,21675118.225985,15,172,0,1,21409392.217144,52,136,0,1,22269777.773831,7,112,0,1,24340137.579890,8,124,0,1,23879694.607717,28,188,0,1,20890537.424397,80,160,0,12,23521801.973842,78,144,0,12,24123401.615760,63,148,0,12,24750540.471500,86,172,0,12,24999398.131387,34,172,0,1,19396675.531193,43,160,0,1,19637705.822212,35,136,0,1,21642347.415592,33,120,2,1,22428794.481629,60,148,0,12,26220074.898927,13,176,0,1,20232837.967429,42,56,0,1,23666499.231278,
19,1552384131,0.800000,44,152,0,1,19462563.642579,5,96,0,1,24010247.914405,30,200,0,1,21675221.679601,15,172,0,1,21409324.623726,52,136,0,1,22269743.632480,7,112,0,1,24340273.438560,8,124,0,1,23879764.679066,28,188,0,1,20890530.496661,80,160,0,12,23521790.194945,78,144,0,12,24123475.203328,63,148,0,12,24750491.794117,86,176,0,12,24999491.420251,34,172,0,1,19396703.102537,43,160,0,1,19637784.182414,35,136,0,1,21642227.070165,33,120,2,1,22428967.526713,60,148,0,12,26219975.136032,13,176,0,1,20232841.762852,42,56,0,1,23666663.769381,
19,1552384132,0.000000,44,152,0,1,19462510.803320,5,96,0,1,24010396.651336,30,200,0,1,21675325.028516,15,172,0,1,21409256.986682,52,136,0,1,22269709.447504,7,112,0,1,24340408.965676,8,124,0,1,23879835.029619,28,188,0,1,20890523.525299,80,160,0,12,23521778.459674,78,144,0,12,24123548.764721,63,148,0,12,24750442.750280,86,176,0,12,24999584.543338,34,172,0,1,19396730.848383,43,160,0,1,19637862.263414,35,136,0,1,21642106.934141,33,120,2,1,22429140.231518,60,148,0,12,26219875.451663,13,176,0,1,20232845.549549,42,60,0,1,23666829.031668,
19,1552384132,0.200000,44,152,0,1,19462458.086212,5,96,0,1,24010545.676195,30,200,0,1,21675428.473407,15,172,0,1,21409189.306012,52,136,0,1,22269675.236352,7,112,0,1,24340545.487455,8,124,0,1,23879905.214395,28,188,0,1,20890516.667363,80,160,0,12,23521766.855279,78,144,0,12,24123622.151612,63,148,0,12,24750393.933296,86,176,0,12,24999677.736225,34,172,0,1,19396758.463353,43,164,0,1,19637940.422939,35,136,0,1,21641986.658515,33,124,2,1,22429315.117600,60,148,0,12,26219775.749844,13,176,0,1,20232849.283895,42,60,0,1,23666994.215429,
19,1552384132,0.400000,44,152,0,1,19462405.212052,5,92,0,1,24010693.811094,30,200,0,1,21675532.049174,15,172,0,1,21409121.799845,52,136,0,1,22269640.946674,7,116,0,1,24340681.538077,8,124,0,1,23879975.425346,28,188,0,1,20890509.791977,80,160,0,12,23521755.006581,78,144,0,12,24123695.486152,63,148,0,12,24750344.872009,86,176,0,12,24999771.129791,34,172,0,1,19396786.244099,43,164,0,1,19638018.774417,35,136,0,1,21641866.522491,33,124,2,1,22429488.337187,60,148,0,12,26219676.013125,13,176,0,1,20232853.105493,42,56,0,1,23667159.268314,
19,1552384132,0.600000,44,152,0,1,19462352.451319,5,92,0,1,24010841.649338,30,200,0,1,21675635.450439,15,172,0,1,21409054.136626,52,136,0,1,22269606.587195,7,116,0,1,24340817.422923,8,124,0,1,23880045.540320,28,188,0,1,20890503.038743,80,160,0,12,23521743.262585,78,144,0,12,24123769.038819,63,148,0,12,24750296.159726,86,176,0,12,24999864.479731,34,172,0,1,19396814.120822,43,164,0,1,19638097.047368,35,136,0,1,21641746.290491,33,124,2,1,22429659.462747,60,144,0,12,26219576.110628,13,176,0,1,20232856.996892,42,56,0,1,23667324.321198,
19,1552384132,0.800000,44,152,0,1,19462299.838912,5,92,0,1,24010990.115791,30,200,0,1,21675738.921505,15,172,0,1,21408986.586833,52,136,0,1,22269572.445844,7,116,0,1,24340954.380957,8,124,0,1,23880115.480793,28,188,0,1,20890496.163357,80,160,0,12,23521731.405162,78,144,0,12,24123842.242483,63,148,0,12,24750247.499794,86,176,0,12,24999957.820945,34,172,0,1,19396841.823043,43,164,0,1,19638175.067292,35,136,0,1,21641626.102116,33,124,2,1,22429833.371617,60,144,0,12,26219476.147056,13,176,0,1,20232860.905740,42,56,0,1,23667489.662011,
19,1552384133,0.000000,44,152,0,1,19462247.104354,5,92,0,1,24011137.517780,30,200,0,1,21675842.392571,15,172,0,1,21408918.906163,52,140,0,1,22269538.234692,7,116,0,1,24341091.626919,8,124,0,1,23880185.822621,28,188,0,1,20890489.331597,80,160,0,12,23521719.730966,78,144,0,12,24123915.393796,63,148,0,12,24750198.743886,86,176,0,12,25000051.022558,34,172,0,1,19396869.542714,43,160,0,1,19638253.183192,35,136,0,1,21641505.843941,33,124,2,1,22430004.427377,60,144,0,12,26219376.584838,13,176,0,1,20232864.840765,42,60,0,1,23667655.430355,
19,1552384133,0.200000,44,152,0,1,19462194.422147,5,92,0,1,24011285.294949,30,200,0,1,21675945.820012,15,172,0,1,21408851.347645,52,136,0,1,22269503.971190,7,116,0,1,24341229.152085,8,124,0,1,23880255.981221,28,188,0,1,20890482.534737,80,160,0,12,23521708.231272,78,144,0,12,24123988.763236,63,148,0,12,24750149.961802,86,176,0,12,25000144.512100,34,172,0,1,19396897.166408,43,164,0,1,19638331.368892,35,136,0,1,21641385.585765,33,120,2,1,22430175.963017,60,148,0,12,26219276.909195,13,176,0,1,20232868.636187,42,60,0,1,23667820.012083,
19,1552384133,0.400000,44,152,0,1,19462141.617788,5,92,0,1,24011432.103631,30,200,0,1,21676049.291078,15,176,0,1,21408783.850203,52,140,0,1,22269469.620436,7,116,0,1,24341367.610838,8,128,0,1,23880326.174722,28,188,0,1,20890475.615726,80,160,0,12,23521696.845005,78,144,0,12,24124062.106501,63,148,0,12,24750101.310595,86,176,0,12,25000237.783514,34,168,0,1,19396924.781378,43,164,0,1,19638409.537142,35,136,0,1,21641265.257789,33,120,2,1,22430348.702722,60,148,0,12,26219177.242276,13,176,0,1,20232872.501410,42,60,0,1,23667985.099868,
19,1552384133,0.600000,44,152,0,1,19462088.813429,5,92,0,1,24011578.467332,30,200,0,1,21676152.701068,15,172,0,1,21408716.378936,52,140,0,1,22269435.487810,7,120,0,1,24341508.416645,8,128,0,1,23880396.376948,28,188,0,1,20890468.740340,80,160,0,12,23521685.031208,78,144,0,12,24124135.432316,63,148,0,12,24750052.545962,86,176,0,12,25000331.177079,34,168,0,1,19396952.378897,43,164,0,1,19638487.731568,35,136,0,1,21641144.999613,33,120,2,1,22430521.329001,60,148,0,12,26219077.461931,13,176,0,1,20232876.392809,42,60,0,1,23668150.868212,
19,1552384133,0.800000,44,152,0,1,19462036.026521,5,96,0,1,24011723.216888,30,200,0,1,21676256.198310,15,176,0,1,21408648.942570,52,140,0,1,22269401.311559,7,116,0,1,24341648.000937,8,128,0,1,23880466.552999,28,188,0,1,20890462.013281,80,160,0,12,23521673.313387,78,144,0,12,24124208.880283,63,148,0,12,24750003.563200,86,176,0,12,25000424.317616,34,168,0,1,19396980.072393,43,164,0,1,19638565.768942,35,136,0,1,21641024.785063,33,120,2,1,22430692.035756,60,148,0,12,26218977.620510,13,176,0,1,20232880.214406,42,56,0,1,23668316.427153,
19,1552384134,0.000000,44,152,0,1,19461983.326863,5,96,0,1,24011869.868518,30,200,0,1,21676359.730452,15,176,0,1,21408581.698156,52,140,0,1,22269367.004431,7,120,0,1,24341786.354988,8,128,0,1,23880536.755225,28,188,0,1,20890455.155346,80,160,0,12,23521661.752618,78,144,0,12,24124282.118847,63,148,0,12,24749954.763666,86,176,0,12,25000517.466878,34,168,0,1,19397007.713538,43,164,0,1,19638643.902292,35,136,0,1,21640904.491987,33,120,2,1,22430866.267455,60,156,0,12,26218877.744189,13,176,0,1,20232884.105805,42,56,0,1,23668481.706890,
19,1552384134,0.200000,44,152,0,1,19461930.522504,5,100,0,1,24012016.389271,30,200,0,1,21676463.192792,15,176,0,1,21408514.209439,52,140,0,1,22269332.854355,7,116,0,1,24341918.584013,8,128,0,1,23880607.001076,28,188,0,1,20890448.218884,80,160,0,12,23521650.034796,78,144,0,12,24124355.514462,63,148,0,12,24749905.903057,86,176,0,12,25000610.572515,34,168,0,1,19397035.476834,43,164,0,1,19638722.166518,35,136,0,1,21640784.268712,33,116,1,1,22431040.307202,60,160,0,12,26218777.876593,13,176,0,1,20232887.918678,42,56,0,1,23668646.960452,
19,1552384134,0.400000,44,152,0,1,19461877.735596,5,100,0,1,24012163.695284,30,200,0,1,21676566.628958,15,176,0,1,21408446.781797,52,140,0,1,22269298.555952,7,120,0,1,24342056.623960,8,128,0,1,23880677.308004,28,188,0,1,20890441.343498,80,160,0,12,23521638.561278,78,144,0,12,24124428.744301,63,148,0,12,24749857.216949,86,176,0,12,25000703.503650,34,168,0,1,19397063.196505,43,164,0,1,19638800.282418,35,136,0,1,21640663.932010,33,116,0,1,22431211.432762,60,160,0,12,26218678.026447,13,176,0,1,20232891.801351,42,60,0,1,23668811.550906,
19,1552384134,0.600000,44,152,0,1,19461825.114464,5,100,0,1,24012310.538867,30,200,0,1,21676670.082574,15,180,0,1,21408379.432682,52,140,0,1,22269264.475676,7,120,0,1,24342195.806897,8,128,0,1,23880747.518955,28,188,0,1,20890434.345961,80,160,0,12,23521626.834732,78,144,0,12,24124502.087566,63,148,0,12,24749808.539567,86,176,0,12,25000796.679087,34,168,0,1,19397090.759124,43,164,0,1,19638878.616446,35,136,0,1,21640543.778536,33,116,0,1,22431386.153067,60,156,0,12,26218577.949448,13,176,0,1,20232895.718925,42,60,0,1,23668976.568890,
19,1552384134,0.800000,44,152,0,1,19461772.475882,5,104,0,1,24012458.359661,30,200,0,1,21676773.562365,15,176,0,1,21408311.996315,52,140,0,1,22269230.203449,7,120,0,1,24342331.866245,8,128,0,1,23880817.695005,28,188,0,1,20890427.522926,80,160,0,12,23521614.872608,78,144,0,12,24124575.509357,63,148,0,12,24749759.923260,86,176,0,12,25000890.116278,34,168,0,1,19397118.391544,43,164,0,1,19638956.854497,35,136,0,1,21640423.468010,33,116,0,1,22431562.531143,60,152,0,12,26218478.291255,13,176,0,1,20232899.767375,42,60,0,1,23669142.075480,
19,1552384135,0.000000,44,152,0,1,19461719.715149,5,104,0,1,24012605.456272,30,200,0,1,21676876.954905,15,176,0,1,21408244.429072,52,140,0,1,22269196.131899,7,120,0,1,24342470.900854,8,128,0,1,23880887.905956,28,188,0,1,20890420.586464,80,160,0,12,23521602.989009,78,144,0,12,24124649.035850,63,152,0,12,24749711.071376,86,176,0,12,25000983.291716,34,168,0,1,19397146.006513,43,164,0,1,19639034.996572,35,136,0,1,21640303.253460,33,120,0,1,22431735.619853,60,152,0,12,26218378.702862,13,176,0,1,20232903.807101,42,64,0,1,23669306.735734,
19,1552384135,0.200000,44,152,0,1,19461666.963141,5,108,0,1,24012751.558220,30,200,0,1,21676980.382346,15,176,0,1,21408176.975256,52,140,0,1,22269161.955647,7,120,0,1,24342605.284981,8,128,0,1,23880958.143083,28,188,0,1,20890413.597652,80,160,0,12,23521591.218837,78,144,0,12,24124722.527442,63,152,0,12,24749661.905387,86,176,0,12,25001076.275201,34,168,0,1,19397173.586583,43,164,0,1,19639113.356775,35,140,0,1,21640183.099986,33,120,0,1,22431904.982941,60,152,0,12,26218278.966143,13,176,0,1,20232907.672324,42,64,0,1,23669471.073160,
19,1552384135,0.400000,44,152,0,1,19461614.202407,5,108,0,1,24012897.852120,30,200,0,1,21677083.739986,15,176,0,1,21408109.669766,52,140,0,1,22269127.657244,7,124,0,1,24342742.914849,8,128,0,1,23881028.266783,28,188,0,1,20890406.635015,80,160,0,12,23521579.579542,78,144,0,12,24124795.975408,63,152,0,12,24749613.166929,86,176,0,12,25001169.590240,34,168,0,1,19397201.245178,43,164,0,1,19639191.481399,35,136,0,1,21640062.754559,33,120,0,1,22432079.773047,60,152,0,12,26218179.133447,13,176,0,1,20232911.685874,42,64,0,1,23669634.983055,
19,1552384135,0.600000,44,152,0,1,19461561.528925,5,108,3,1,24013045.917218,30,200,0,1,21677187.123801,15,176,0,1,21408042.137423,52,136,0,1,22269093.498443,7,124,0,1,24342876.121086,8,128,0,1,23881098.591160,28,188,0,1,20890399.646203,80,160,0,12,23521567.966422,78,144,0,12,24124869.126721,63,152,0,12,24749564.646599,86,176,0,12,25001262.713327,34,168,0,1,19397228.833972,43,164,0,1,19639269.414072,35,140,0,1,21639942.409132,33,120,0,1,22432253.882595,60,148,0,12,26218079.169875,13,176,0,1,20232915.298069,42,64,0,1,23669799.686935,
19,1552384135,0.800000,44,152,0,1,19461508.846718,5,108,2,1,24013193.799088,30,200,0,1,21677290.481440,15,176,0,1,21407974.648706,52,136,0,1,22269059.365817,7,124,0,1,24343010.732065,8,128,0,1,23881168.854462,28,188,0,1,20890392.779542,80,160,0,12,23521556.283502,78,144,0,12,24124942.531062,63,148,0,12,24749515.716188,86,176,0,12,25001355.722988,34,168,0,1,19397256.492567,43,160,0,1,19639347.713199,35,140,0,1,21639822.046256,33,124,0,1,22432426.351822,60,148,0,12,26217979.293553,13,176,0,1,20232919.276719,42,64,0,1,23669964.478067,
19,1552384136,0.000000,44,152,0,1,19461456.059809,5,112,2,1,24013341.838010,30,200,0,1,21677393.952506,15,176,0,1,21407907.221065,52,136,0,1,22269025.198291,7,120,0,1,24343142.053679,8,124,0,1,23881239.056688,28,188,0,1,20890385.965232,80,160,0,12,23521544.591856,78,144,0,12,24125015.699825,63,148,0,12,24749466.916654,86,176,0,12,25001448.741374,34,168,0,1,19397284.203513,43,160,0,1,19639425.846549,35,136,0,1,21639701.875331,33,124,0,1,22432596.526345,60,148,0,12,26217879.548109,13,176,0,1,20232923.141942,42,64,0,1,23670129.321548,
20,1552384136,0.200000,44,152,0,1,19461403.429952,5,108,2,1,24013489.929283,30,200,0,1,21677497.406122,15,176,0,1,21407839.784698,52,136,0,1,22268990.978414,7,124,0,1,24343279.334542,8,124,0,1,23881309.276364,28,188,0,1,20890379.133472,80,160,0,12,23521532.874034,78,144,0,12,24125088.929664,63,148,0,12,24749418.117120,86,176,0,12,25001542.108764,34,168,0,1,19397311.888283,43,160,0,1,19639504.128226,35,136,0,1,21639581.556080,33,120,0,1,22432771.717806,60,148,0,12,26217779.392584,13,176,0,1,20232927.007165,42,64,0,1,23670294.915390,58,112,1,1,22124699.213738,
19,1552384136,0.400000,44,152,0,1,19461350.704119,5,108,2,1,24013637.043344,30,200,0,1,21677600.624160,15,176,0,1,21407772.121479,52,140,0,1,22268956.767262,7,124,0,1,24343418.438953,8,128,0,1,23881379.644367,28,188,0,1,20890372.266811,80,160,0,12,23521521.217289,78,144,0,12,24125162.159502,63,148,0,12,24749369.151809,86,176,0,12,25001635.240576,34,168,0,1,19397339.607954,43,160,0,1,19639582.261575,35,136,0,1,21639461.245554,33,120,0,1,22432943.087669,60,148,0,12,26217679.481362,13,176,0,1,20232930.924739,42,64,0,1,23670460.570307,
19,1552384136,0.600000,44,152,0,1,19461298.117888,5,108,2,1,24013781.967402,30,200,0,1,21677703.999250,15,176,0,1,21407704.545511,52,136,0,1,22268922.547385,7,124,0,1,24343554.463400,8,124,0,1,23881449.846593,28,188,0,1,20890365.391426,80,160,0,12,23521509.499468,78,144,0,12,24125235.520218,63,148,0,12,24749320.352275,86,176,0,12,25001728.703942,34,168,0,1,19397367.310175,43,160,0,1,19639660.333850,35,132,0,1,21639341.074629,33,120,0,1,22433115.120641,60,148,0,12,26217579.718468,13,176,0,1,20232934.624185,42,60,0,1,23670625.832594,
19,1552384136,0.800000,44,152,0,1,19461245.496757,5,108,2,1,24013927.781421,30,200,0,1,21677807.417965,15,176,0,1,21407636.891017,52,140,0,1,22268888.432209,7,124,0,1,24343690.426771,8,124,0,1,23881519.821966,28,188,0,1,20890358.550940,80,160,0,12,23521497.729296,78,144,0,12,24125308.837308,63,148,0,12,24749271.413140,86,176,0,12,25001821.914280,34,168,0,1,19397395.021121,43,160,0,1,19639738.449749,35,136,0,1,21639220.825179,33,120,0,1,22433285.460941,60,148,0,12,26217479.815971,13,176,0,1,20232938.663911,42,60,0,1,23670791.304283,
19,1552384137,0.000000,44,152,0,1,19461192.596422,5,108,2,1,24014074.668629,30,200,0,1,21677910.932657,15,176,0,1,21407569.227797,52,140,0,1,22268854.142531,7,120,0,1,24343824.828348,8,124,0,1,23881590.050368,28,188,0,1,20890351.832606,80,160,0,12,23521486.020200,78,144,0,12,24125382.328900,63,148,0,12,24749222.369303,86,176,0,12,25001915.246770,34,168,0,1,19397422.749517,43,160,0,1,19639816.539474,35,136,0,1,21639100.662979,33,120,0,1,22433458.898656,60,148,0,12,26217379.712797,13,176,0,1,20232942.406982,42,60,0,1,23670956.130315,
19,1552384137,0.200000,44,152,0,1,19461140.036366,5,108,2,1,24014223.108906,30,200,0,1,21678014.394998,15,176,0,1,21407501.773981,52,136,0,1,22268819.879029,7,120,0,1,24343961.419928,8,124,0,1,23881660.470721,28,188,0,1,20890344.983396,80,160,0,12,23521474.319829,78,144,0,12,24125455.471487,63,148,0,12,24749173.482518,86,176,0,12,25002008.509458,34,168,0,1,19397450.504088,43,160,0,1,19639894.664099,35,140,0,1,21638980.448429,33,120,0,1,22433629.465809,60,148,0,12,26217279.749225,13,176,0,1,20232946.123879,42,56,0,1,23671120.310689,
19,1552384137,0.400000,44,152,0,1,19461087.362884,5,108,2,1,24014369.725636,30,200,0,1,21678117.831164,15,176,0,1,21407434.267813,52,140,0,1,22268785.702777,7,120,0,1,24344098.482663,8,124,0,1,23881730.690397,28,188,0,1,20890337.933508,80,160,0,12,23521462.619458,78,144,0,12,24125529.067781,63,148,0,12,24749124.840036,86,176,0,12,25002101.667446,34,168,0,1,19397478.476787,43,160,0,1,19639972.928325,35,136,0,1,21638860.303680,33,120,0,1,22433802.214239,60,148,0,12,26217180.003780,13,176,0,1,20232950.032728,42,56,0,1,23671284.901142,
19,1552384137,0.600000,44,152,0,1,19461034.698126,5,108,2,1,24014517.075274,30,200,0,1,21678221.345855,15,176,0,1,21407366.866347,52,140,0,1,22268751.430550,7,120,0,1,24344235.082968,8,124,0,1,23881801.058400,28,188,0,1,20890331.162823,80,160,0,12,23521451.023788,78,144,0,12,24125602.620448,63,148,0,12,24749075.778749,86,176,0,12,25002194.677106,34,168,0,1,19397506.240083,43,160,0,1,19640051.070400,35,136,0,1,21638740.150206,33,120,0,1,22433975.878806,60,148,0,12,26217080.162359,13,176,0,1,20232953.950301,42,52,0,1,23671448.845938,
19,1552384137,0.800000,44,152,0,1,19460981.954843,5,108,2,1,24014664.232961,30,200,0,1,21678324.773296,15,176,0,1,21407299.281654,52,140,0,1,22268717.219398,7,124,0,1,24344371.552395,8,124,0,1,23881873.598956,28,188,0,1,20890324.165286,80,160,0,12,23521439.236166,78,144,0,12,24125676.338893,63,148,0,12,24749026.822163,86,176,0,12,25002287.686767,34,168,0,1,19397533.994655,43,160,0,1,19640129.195025,35,136,0,1,21638619.822230,33,120,0,1,22434150.119230,60,148,0,12,26216980.198787,13,176,0,1,20232957.859150,42,52,0,1,23671613.811572,
19,1552384138,0.000000,44,152,0,1,19460929.359887,5,108,2,1,24014811.137619,30,200,0,1,21678428.226912,15,176,0,1,21407231.662060,52,136,0,1,22268683.078047,7,124,0,1,24344510.063499,8,124,0,1,23881944.726043,28,188,0,1,20890317.324801,80,160,0,12,23521427.561970,78,144,0,12,24125749.647258,63,148,0,12,24748977.673625,86,176,0,12,25002380.757503,34,168,0,1,19397561.757951,43,160,0,1,19640207.276024,35,136,0,1,21638499.564054,33,120,0,1,22434323.879774,60,148,0,12,26216880.470793,13,176,0,1,20232961.654573,42,52,0,1,23671778.969157,
19,1552384138,0.200000,44,152,0,1,19460876.712580,5,108,2,1,24014958.810086,30,200,0,1,21678531.732878,15,176,0,1,21407164.068642,52,136,0,1,22268649.076298,7,124,0,1,24344645.625515,8,124,0,1,23882017.214248,28,188,0,1,20890310.545391,80,160,0,12,23521415.887775,78,144,0,12,24125823.112675,63,148,0,12,24748928.786840,86,176,0,12,25002473.793339,34,168,0,1,19397589.381646,43,160,0,1,19640285.557701,35,136,0,1,21638379.445480,33,120,0,1,22434497.116810,60,148,0,12,26216780.629372,13,176,0,1,20232965.292943,42,52,0,1,23671943.376384,
19,1552384138,0.400000,44,152,0,1,19460824.004197,5,108,2,1,24015105.880521,30,200,0,1,21678635.169044,15,176,0,1,21407096.623550,52,140,0,1,22268614.891321,7,124,0,1,24344781.231157,8,120,0,1,23882087.180896,28,188,0,1,20890303.643830,80,160,0,12,23521403.847124,78,144,0,12,24125896.394864,63,148,0,12,24748880.153083,86,176,0,12,25002567.300331,34,168,0,1,19397617.171118,43,160,0,1,19640363.647425,35,132,0,1,21638259.152404,33,120,0,1,22434669.524961,60,148,0,12,26216680.709425,13,176,0,1,20232969.262868,42,52,0,1,23672108.734647,
19,1552384138,0.600000,44,152,0,1,19460771.409241,5,108,2,1,24015253.666415,30,200,0,1,21678738.631385,15,176,0,1,21407029.222084,52,140,0,1,22268580.715070,7,124,0,1,24344917.264330,8,124,0,1,23882156.528061,28,188,0,1,20890296.812070,80,160,0,12,23521392.094403,78,144,0,12,24125969.834105,63,148,0,12,24748831.405899,86,176,0,12,25002660.545569,34,168,0,1,19397644.951864,43,160,0,1,19640441.824401,35,132,0,1,21638138.946579,33,120,0,1,22434843.538533,60,148,0,12,26216580.972705,13,176,0,1,20232973.197892,42,52,0,1,23672274.223787,
19,1552384138,0.800000,44,152,0,1,19460718.648508,5,104,2,1,24015401.975816,30,200,0,1,21678841.962849,15,176,0,1,21406961.803168,52,140,0,1,22268546.407942,7,124,0,1,24345053.402203,8,124,0,1,23882227.550447,28,188,0,1,20890289.866883,80,160,0,12,23521380.533634,78,148,0,12,24126043.011594,63,148,0,12,24748782.763418,86,176,0,12,25002754.078736,34,172,0,1,19397672.741336,43,160,0,1,19640519.835599,35,132,0,1,21638018.801830,33,120,0,1,22435016.033935,60,148,0,12,26216481.445389,13,176,0,1,20232977.054390,42,56,0,1,23672439.075994,
19,1552384139,0.000000,44,152,0,1,19460666.001201,5,104,2,1,24015548.566370,30,200,0,1,21678945.547342,15,176,0,1,21406894.366802,52,140,0,1,22268512.284041,7,124,0,1,24345187.009795,8,124,0,1,23882297.045939,28,188,0,1,20890283.192175,80,160,0,12,23521368.868163,78,148,0,12,24126116.328683,63,148,0,12,24748733.833007,86,176,0,12,25002847.184373,34,168,0,1,19397700.452282,43,160,0,1,19640597.890423,35,136,0,1,21637898.473854,33,120,0,1,22435191.591851,60,148,0,12,26216381.499267,13,176,0,1,20232980.945788,42,56,0,1,23672603.544296,
19,1552384139,0.200000,44,152,0,1,19460613.380069,5,104,0,1,24015695.985810,30,200,0,1,21679048.966057,15,176,0,1,21406826.860634,52,136,0,1,22268478.029263,7,124,0,1,24345320.826790,8,124,0,1,23882366.454180,28,188,0,1,20890276.482566,80,160,0,12,23521357.089266,78,148,0,12,24126189.776650,63,148,0,12,24748685.155625,86,176,0,12,25002940.298735,34,168,0,1,19397728.267929,43,160,0,1,19640676.137200,35,136,0,1,21637778.276754,33,120,0,1,22435366.975264,60,144,0,12,26216281.605495,13,176,0,1,20232984.767386,42,56,0,1,23672768.178375,
19,1552384139,0.400000,44,152,0,1,19460560.793838,5,100,0,1,24015842.105208,30,200,0,1,21679152.262621,15,176,0,1,21406759.293391,52,136,0,1,22268443.914088,7,124,0,1,24345460.524508,8,124,0,1,23882438.732982,28,188,0,1,20890269.485029,80,160,0,12,23521345.336544,78,148,0,12,24126263.050114,63,148,0,12,24748636.425892,86,176,0,12,25003033.788277,34,168,0,1,19397756.127201,43,160,0,1,19640754.209474,35,136,0,1,21637658.114555,33,120,0,1,22435539.261264,60,144,0,12,26216181.746624,13,176,0,1,20232988.650059,42,56,0,1,23672933.222535,
19,1552384139,0.600000,44,152,0,1,19460508.155256,5,100,0,1,24015990.458234,30,200,0,1,21679255.768588,15,176,0,1,21406691.865750,52,136,0,1,22268409.825087,7,124,0,1,24345596.540230,8,124,0,1,23882509.528516,28,188,0,1,20890262.749245,80,160,0,12,23521333.767050,78,144,0,12,24126336.410830,63,148,0,12,24748587.608907,86,176,0,12,25003127.173117,34,168,0,1,19397783.916673,43,160,0,1,19640832.508601,35,136,0,1,21637537.847654,33,120,0,1,22435713.597664,60,144,0,12,26216081.835402,13,176,0,1,20232992.340781,42,60,0,1,23673097.839164,
19,1552384139,0.800000,44,156,0,1,19460455.569025,5,100,0,1,24016136.961537,30,200,0,1,21679359.265829,15,176,0,1,21406624.359583,52,136,0,1,22268375.788438,7,124,0,1,24345732.643204,8,124,0,1,23882581.458313,28,188,0,1,20890255.856409,80,160,0,12,23521322.145205,78,144,0,12,24126409.771545,63,148,0,12,24748538.678497,86,176,0,12,25003220.121702,34,168,0,1,19397811.749770,43,160,0,1,19640910.694301,35,140,0,1,21637417.720355,33,120,0,1,22435887.026653,60,144,0,12,26215981.828205,13,176,0,1,20232996.188554,42,60,0,1,23673262.778622,
19,1552384140,0.000000,44,152,0,1,19460402.764666,5,100,0,1,24016284.450777,30,200,0,1,21679462.649644,15,176,0,1,21406556.739989,52,136,0,1,22268341.586011,7,124,0,1,24345866.713227,8,124,0,1,23882653.039106,28,188,0,1,20890249.007198,80,160,0,12,23521310.366308,78,144,0,12,24126483.271862,63,148,0,12,24748489.765537,86,176,0,12,25003313.384390,34,168,0,1,19397839.504342,43,160,0,1,19640988.600798,35,140,0,1,21637297.383653,33,120,0,1,22436060.952973,60,144,0,12,26215882.082760,13,176,0,1,20232999.818199,42,64,0,1,23673427.988558,
19,1552384140,0.200000,44,156,0,1,19460350.160985,5,100,0,1,24016432.402448,30,200,0,1,21679566.085810,15,176,0,1,21406489.164021,52,136,0,1,22268307.401034,7,124,0,1,24346003.182654,8,124,0,1,23882719.917066,28,188,0,1,20890242.114362,80,160,0,12,23521298.683387,78,144,0,12,24126556.501701,63,148,0,12,24748440.939827,86,176,0,12,25003406.708155,34,168,0,1,19397867.311264,43,160,0,1,19641066.803949,35,140,0,1,21637177.238904,33,120,0,1,22436233.474551,60,144,0,12,26215782.232614,13,176,0,1,20233003.639796,42,68,0,1,23673592.701164,
19,1552384140,0.400000,44,156,0,1,19460297.470052,5,100,0,1,24016578.696349,30,200,0,1,21679669.356198,15,176,0,1,21406421.614228,52,136,0,1,22268273.338209,7,124,0,1,24346138.264790,8,120,0,1,23882791.681086,28,188,0,1,20890235.343678,80,160,0,12,23521287.262220,78,144,0,12,24126629.775165,63,148,0,12,24748392.114118,86,176,0,12,25003499.770166,34,168,0,1,19397895.092010,43,160,0,1,19641144.989650,35,140,0,1,21637057.129056,33,120,0,1,22436403.212819,60,144,0,12,26215682.565695,13,176,0,1,20233007.443944,42,68,0,1,23673757.911100,
19,1552384140,0.600000,44,156,0,1,19460244.953622,5,96,0,1,24016725.321803,30,200,0,1,21679772.879615,15,176,0,1,21406354.395989,52,140,0,1,22268239.240484,7,124,0,1,24346274.978521,8,120,0,1,23882863.802836,28,188,0,1,20890228.660244,80,160,0,12,23521275.474598,78,144,0,12,24126702.935203,63,148,0,12,24748343.192433,86,176,0,12,25003592.997954,34,168,0,1,19397922.986183,43,160,0,1,19641223.280052,35,140,0,1,21636936.984306,33,124,0,1,22436576.702884,60,144,0,12,26215582.654474,13,176,0,1,20233011.352793,42,68,0,1,23673923.435140,
18,1552384140,0.800000,44,156,0,1,19460192.315040,30,200,0,1,21679876.481558,15,176,0,1,21406287.038149,52,140,0,1,22268205.177659,7,124,0,1,24346412.564763,8,120,0,1,23882932.338566,28,188,0,1,20890221.872110,80,156,0,12,23521263.704426,78,144,0,12,24126776.330819,63,148,0,12,24748294.227122,86,176,0,12,25003686.269368,34,168,0,1,19397950.941432,43,160,0,1,19641301.422127,35,140,0,1,21636816.918083,33,124,0,1,22436747.941870,60,144,0,12,26215482.612375,13,176,0,1,20233015.200566,42,68,0,1,23674088.365873,
18,1552384141,0.000000,44,156,0,1,19460139.589207,30,200,0,1,21679980.022425,15,176,0,1,21406219.593057,52,140,0,1,22268171.202085,7,128,0,1,24346548.109329,8,120,0,1,23883002.462266,28,192,0,1,20890214.987999,80,156,0,12,23521252.161107,78,144,0,12,24126849.656634,63,148,0,12,24748245.410138,86,176,0,12,25003779.357555,34,168,0,1,19397978.887956,43,160,0,1,19641379.503126,35,140,0,1,21636696.694808,33,124,0,1,22436919.826515,60,144,0,12,26215382.744779,13,176,0,1,20233019.153040,42,72,0,1,23674254.334894,
18,1552384141,0.200000,44,156,0,1,19460086.907000,30,200,0,1,21680083.449865,15,176,0,1,21406152.165416,52,140,0,1,22268137.139260,7,128,0,1,24346683.837122,8,120,0,1,23883074.967921,28,192,0,1,20890208.252215,80,156,0,12,23521240.600337,78,144,0,12,24126923.043524,63,148,0,12,24748196.453552,86,176,0,12,25003872.524267,34,168,0,1,19398006.721053,43,160,0,1,19641457.802253,35,140,0,1,21636576.567509,33,120,0,1,22437094.285067,60,144,0,12,26215282.920809,13,176,0,1,20233023.079339,42,72,0,1,23674418.995149,
18,1552384141,0.400000,44,152,0,1,19460034.198617,30,200,0,1,21680186.929656,15,176,0,1,21406084.676698,52,140,0,1,22268103.207311,7,128,0,1,24346819.372964,8,120,0,1,23883147.700429,28,192,0,1,20890201.472805,80,156,0,12,23521229.310047,78,144,0,12,24126996.456590,63,148,0,12,24748147.645293,86,176,0,12,25003965.725880,34,168,0,1,19398034.536700,43,160,0,1,19641535.987954,35,140,0,1,21636456.422760,33,120,0,1,22437266.230788,60,144,0,12,26215182.887436,13,176,0,1,20233027.040538,42,76,0,1,23674584.109109,
18,1552384141,0.600000,44,152,0,1,19459981.551310,30,200,0,1,21680290.461798,15,176,0,1,21406017.310133,52,140,0,1,22268069.031060,7,128,0,1,24346956.374623,8,120,0,1,23883217.309347,28,192,0,1,20890194.763196,80,156,0,12,23521217.435173,78,144,0,12,24127069.922007,63,148,0,12,24748098.933010,86,176,0,12,25004058.997294,34,168,0,1,19398062.369798,43,160,0,1,19641614.252180,35,140,0,1,21636336.260561,33,120,0,1,22437438.874517,60,144,0,12,26215082.967489,13,176,0,1,20233030.958112,42,76,0,1,23674749.711676,
18,1552384141,0.800000,44,152,0,1,19459928.930179,30,200,0,1,21680393.880514,15,176,0,1,21405949.987193,52,140,0,1,22268034.898434,7,128,0,1,24347092.111142,8,120,0,1,23883286.778664,28,192,0,1,20890187.905261,80,156,0,12,23521205.856954,78,144,0,12,24127143.448500,63,148,0,12,24748050.386504,86,176,0,12,25004152.338509,34,168,0,1,19398090.202895,43,160,0,1,19641692.341905,35,140,0,1,21636216.150712,33,120,0,1,22437611.020915,60,144,0,12,26214983.082442,13,176,0,1,20233034.814610,42,76,0,1,23674915.122290,
18,1552384142,0.000000,44,152,0,1,19459876.247971,30,200,0,1,21680497.334130,15,176,0,1,21405882.411225,52,140,0,1,22268000.844334,7,128,0,1,24347228.868498,8,120,0,1,23883356.108379,28,192,0,1,20890181.108401,80,160,0,12,23521194.025706,78,144,0,12,24127217.036068,63,148,0,12,24748001.752747,86,176,0,12,25004245.470321,34,168,0,1,19398118.254120,43,160,0,1,19641770.475254,35,140,0,1,21636096.005963,33,120,0,1,22437784.327752,60,144,0,12,26214883.179946,13,176,0,1,20233038.758360,42,76,0,1,23675080.035572,
18,1552384142,0.200000,44,152,0,1,19459823.618115,30,200,0,1,21680600.735395,15,176,0,1,21405815.044659,52,140,0,1,22267966.912386,7,128,0,1,24347366.219162,8,120,0,1,23883425.472994,28,192,0,1,20890174.294091,80,160,0,12,23521182.630714,78,144,0,12,24127290.388058,63,148,0,12,24747953.005564,86,176,0,12,25004338.855161,34,168,0,1,19398146.148293,43,160,0,1,19641848.861633,35,140,0,1,21635975.747787,33,120,0,1,22437954.990882,60,144,0,12,26214783.373425,13,176,0,1,20233042.571232,42,80,0,1,23675245.027381,
18,1552384142,0.400000,44,152,0,1,19459771.005708,30,200,0,1,21680704.267537,15,176,0,1,21405747.547217,52,140,0,1,22267932.753585,7,128,0,1,24347502.252334,8,120,0,1,23883492.935536,28,192,0,1,20890167.593207,80,160,0,12,23521170.895443,78,144,0,12,24127363.678973,63,148,0,12,24747904.424158,86,176,0,12,25004431.943347,34,168,0,1,19398174.059916,43,160,0,1,19641927.082234,35,140,0,1,21635855.559413,33,124,0,1,22438127.250706,60,144,0,12,26214683.523280,13,176,0,1,20233046.427730,42,84,0,1,23675410.246043,
18,1552384142,0.600000,44,152,0,1,19459718.367126,30,200,0,1,21680807.817129,15,176,0,1,21405679.971249,52,140,0,1,22267898.812911,7,128,0,1,24347637.997578,8,120,0,1,23883563.669994,28,192,0,1,20890161.014475,80,160,0,12,23521159.203797,78,144,0,12,24127437.275266,63,148,0,12,24747855.615899,86,176,0,12,25004525.336913,34,168,0,1,19398201.919189,43,160,0,1,19642005.198133,35,140,0,1,21635735.432114,33,120,0,1,22438298.760171,60,144,0,12,26214583.777835,13,176,0,1,20233050.362754,42,84,0,1,23675575.429804,
18,1552384142,0.800000,44,152,0,1,19459665.737270,30,200,0,1,21680911.218394,15,176,0,1,21405612.473806,52,140,0,1,22267864.767536,7,128,0,1,24347772.573657,8,120,0,1,23883636.297800,28,188,0,1,20890154.235066,80,160,0,12,23521147.651753,78,144,0,12,24127510.784308,63,148,0,12,24747807.086843,86,176,0,12,25004618.451275,34,168,0,1,19398229.909338,43,160,0,1,19642083.357659,35,140,0,1,21635615.339715,33,120,0,1,22438471.909957,60,144,0,12,26214484.119641,13,176,0,1,20233054.341404,42,84,0,1,23675741.180697,
18,1552384143,0.000000,44,152,0,1,19459613.124863,30,200,0,1,21681014.593484,15,176,0,1,21405545.002540,52,140,0,1,22267830.809413,7,128,0,1,24347907.149737,8,120,0,1,23883708.707479,28,188,0,1,20890147.350955,80,160,0,12,23521136.099709,78,144,0,12,24127584.118848,63,148,0,12,24747758.261134,86,176,0,12,25004711.539461,34,168,0,1,19398257.960563,43,160,0,1,19642161.604435,35,140,0,1,21635495.125165,33,120,0,1,22438643.035517,60,140,0,12,26214384.077543,13,176,0,1,20233058.363679,42,84,0,1,23675906.373183,
18,1552384143,0.200000,44,152,0,1,19459560.399030,30,200,0,1,21681118.064550,15,176,0,1,21405477.574898,52,140,0,1,22267796.737862,7,128,0,1,24348043.706416,8,116,0,1,23883777.007631,28,188,0,1,20890140.588996,80,160,0,12,23521124.486589,78,144,0,12,24127657.662791,63,148,0,12,24747709.679728,86,176,0,12,25004804.723624,34,168,0,1,19398285.872186,43,160,0,1,19642239.816311,35,140,0,1,21635375.050217,33,120,0,1,22438815.862474,60,140,0,12,26214284.297198,13,176,0,1,20233062.202727,42,84,0,1,23676071.426068,
18,1552384143,0.400000,44,152,0,1,19459507.812799,30,200,0,1,21681221.587967,15,176,0,1,21405410.321759,52,144,0,1,22267762.762288,7,128,0,1,24348179.634887,8,116,0,1,23883848.858902,28,192,0,1,20890133.870662,80,160,0,12,23521113.161397,78,144,0,12,24127730.910080,63,148,0,12,24747661.194298,86,176,0,12,25004898.082289,34,168,0,1,19398313.940862,43,160,0,1,19642317.984561,35,140,0,1,21635254.809492,33,120,0,1,22438986.403451,60,140,0,12,26214184.281275,13,176,0,1,20233066.190102,42,84,0,1,23676236.819231,
18,1552384143,0.600000,44,152,0,1,19459455.305094,30,200,0,1,21681325.032857,15,176,0,1,21405342.780691,52,140,0,1,22267728.839065,7,128,0,1,24348315.764035,8,116,0,1,23883916.452321,28,188,0,1,20890127.187228,80,160,0,12,23521101.539552,78,144,0,12,24127804.375496,63,148,0,12,24747612.333688,86,176,0,12,25004991.240276,34,168,0,1,19398341.965911,43,160,0,1,19642396.205162,35,140,0,1,21635134.612392,33,120,0,1,22439160.800928,60,140,0,12,26214084.518380,13,172,0,1,20233070.002975,42,84,0,1,23676401.758689,
18,1552384143,0.800000,44,152,0,1,19459402.526911,30,200,0,1,21681428.713326,15,176,0,1,21405275.379225,52,140,0,1,22267694.793690,7,128,0,1,24348452.373065,8,116,0,1,23883986.767973,28,188,0,1,20890120.390368,80,160,0,12,23521090.004958,78,144,0,12,24127877.762387,63,148,0,12,24747563.612680,86,176,0,12,25005084.686192,34,168,0,1,19398369.868810,43,160,0,1,19642474.504289,35,140,0,1,21635014.485093,33,120,0,1,22439335.564858,60,140,0,12,26213984.554808,13,172,0,1,20233073.999074,42,84,0,1,23676566.986076,
18,1552384144,0.000000,44,152,0,1,19459349.862153,30,200,0,1,21681532.228018,15,176,0,1,21405208.038835,52,140,0,1,22267660.853017,7,128,0,1,24348588.877393,8,116,0,1,23884055.879561,28,188,0,1,20890113.549883,80,160,0,12,23521078.435464,78,144,0,12,24127951.192903,63,148,0,12,24747515.005099,86,176,0,12,25005178.036132,34,172,0,1,19398397.806608,43,160,0,1,19642552.829592,35,140,0,1,21634894.392694,33,120,0,1,22439509.691856,60,140,0,12,26213884.591236,13,172,0,1,20233077.942824,42,88,0,1,23676732.353064,
18,1552384144,0.200000,44,156,0,1,19459297.223572,30,200,0,1,21681635.655458,15,176,0,1,21405140.646094,52,144,0,1,22267626.859993,7,128,0,1,24348724.727338,8,120,0,1,23884124.964973,28,188,0,1,20890106.892625,80,160,0,12,23521066.543141,78,144,0,12,24128024.667045,63,148,0,12,24747466.353892,86,176,0,12,25005271.464598,34,172,0,1,19398425.753132,43,160,0,1,19642631.006567,35,144,0,1,21634774.282846,33,120,0,1,22439680.957018,60,140,0,12,26213784.723640,13,172,0,1,20233081.895298,42,88,0,1,23676896.891168,
18,1552384144,0.400000,44,156,0,1,19459244.523914,30,200,0,1,21681739.100349,15,176,0,1,21405073.288254,52,144,0,1,22267592.962945,7,124,0,1,24348861.057164,8,120,0,1,23884190.848270,28,188,0,1,20890100.165566,80,160,0,12,23521054.860220,78,144,0,12,24128097.957960,63,148,0,12,24747417.606708,86,176,0,12,25005364.535334,34,172,0,1,19398453.708381,43,160,0,1,19642709.200993,35,140,0,1,21634654.155547,33,120,0,1,22439853.408795,60,140,0,12,26213684.812418,13,172,0,1,20233085.917573,42,88,0,1,23677061.778275,
18,1552384144,0.600000,44,156,0,1,19459191.894057,30,200,0,1,21681842.676116,15,176,0,1,21405005.930413,52,144,0,1,22267558.996096,7,124,0,1,24348997.107787,8,120,0,1,23884260.500814,28,188,0,1,20890093.569384,80,160,0,12,23521043.282000,78,144,0,12,24128171.283775,63,148,0,12,24747368.789724,86,176,0,12,25005457.544995,34,172,0,1,19398481.585103,43,160,0,1,19642787.465219,35,140,0,1,21634533.932272,33,116,0,1,22440025.267264,60,140,0,12,26213585.084424,13,172,0,1,20233089.887498,42,88,0,1,23677226.988211,
18,1552384144,0.800000,44,156,0,1,19459139.307826,30,200,0,1,21681946.059931,15,176,0,1,21404938.432971,52,144,0,1,22267525.116498,7,128,0,1,24349132.800680,8,120,0,1,23884332.282284,28,188,0,1,20890086.981927,80,160,0,12,23521031.799757,78,144,0,12,24128244.696841,63,148,0,12,24747319.824413,86,176,0,12,25005551.156688,34,172,0,1,19398509.488002,43,160,0,1,19642865.773071,35,140,0,1,21634413.778797,33,116,0,1,22440197.160634,60,140,0,12,26213485.286628,13,172,0,1,20233093.822522,42,88,0,1,23677391.927670,
18,1552384145,0.000000,44,156,0,1,19459086.564543,30,200,0,1,21682049.443746,15,176,0,1,21404870.952979,52,144,0,1,22267491.193275,7,128,0,1,24349268.833852,8,120,0,1,23884406.646387,28,188,0,1,20890080.254868,80,160,0,12,23521020.116836,78,144,0,12,24128318.031381,63,148,0,12,24747271.094680,86,176,0,12,25005644.166348,34,172,0,1,19398537.408350,43,160,0,1,19642944.002397,35,140,0,1,21634293.581698,33,116,0,1,22440371.645361,60,140,0,12,26213385.174729,13,172,0,1,20233097.792446,42,88,0,1,23677556.491948,
18,1552384145,0.200000,44,156,0,1,19459033.768909,30,200,0,1,21682152.949713,15,176,0,1,21404803.621314,52,144,0,1,22267457.322402,7,128,0,1,24349404.657622,8,120,0,1,23884474.161280,28,188,0,1,20890073.562709,80,160,0,12,23521008.224513,78,140,0,12,24128391.461897,63,148,0,12,24747222.190445,86,176,0,12,25005737.612264,34,172,0,1,19398565.363599,43,160,0,1,19643022.336425,35,140,0,1,21634173.498024,33,116,0,1,22440545.379729,60,140,0,12,26213285.193707,13,176,0,1,20233101.771096,42,88,0,1,23677721.850211,
18,1552384145,0.400000,44,152,0,1,19458981.043076,30,200,0,1,21682256.307353,15,176,0,1,21404736.280924,52,144,0,1,22267423.486430,7,128,0,1,24349540.577368,8,120,0,1,23884546.832712,28,188,0,1,20890066.765849,80,160,0,12,23520996.785895,78,140,0,12,24128464.752811,63,148,0,12,24747173.451987,86,176,0,12,25005830.840052,34,168,0,1,19398593.362473,43,160,0,1,19643100.539576,35,136,0,1,21634053.423076,33,120,0,1,22440714.289112,60,140,0,12,26213185.413362,13,176,0,1,20233105.741020,42,88,0,1,23677887.304451,
18,1552384145,0.600000,44,152,0,1,19458928.352144,30,200,0,1,21682359.804594,15,176,0,1,21404668.608979,52,144,0,1,22267389.545757,7,128,0,1,24349676.610541,8,120,0,1,23884611.651545,28,188,0,1,20890060.038790,80,160,0,12,23520985.102974,78,140,0,12,24128538.174603,63,148,0,12,24747124.792055,86,176,0,12,25005924.128916,34,168,0,1,19398621.326447,43,160,0,1,19643178.795077,35,136,0,1,21633933.496455,33,120,0,1,22440888.477185,60,140,0,12,26213085.310187,13,176,0,1,20233109.632419,42,88,0,1,23678052.086857,
18,1552384145,0.800000,44,152,0,1,19458875.722287,30,200,0,1,21682463.328011,15,176,0,1,21404601.033011,52,144,0,1,22267355.666159,7,128,0,1,24349812.608813,8,120,0,1,23884682.647756,28,188,0,1,20890053.381532,80,160,0,12,23520973.638181,78,140,0,12,24128611.474242,63,148,0,12,24747076.062322,86,176,0,12,25006017.601008,34,168,0,1,19398649.316596,43,164,0,1,19643257.164005,35,136,0,1,21633813.395331,33,120,0,1,22441061.155815,60,140,0,12,26212985.320440,13,176,0,1,20233113.611069,42,88,0,1,23678217.035040,
18,1552384146,0.000000,44,152,0,1,19458823.153506,30,200,0,1,21682566.921228,15,176,0,1,21404533.797322,52,144,0,1,22267321.804011,7,128,0,1,24349948.589634,8,116,0,1,23884752.448627,28,188,0,1,20890046.863876,80,160,0,12,23520961.894185,78,140,0,12,24128684.834958,63,148,0,12,24747027.070835,86,176,0,12,25006110.898597,34,168,0,1,19398677.332921,43,164,0,1,19643335.410781,35,136,0,1,21633693.276757,33,120,0,1,22441234.096198,60,144,0,12,26212885.487744,13,176,0,1,20233117.772946,42,88,0,1,23678382.244976,
18,1552384146,0.200000,44,152,0,1,19458770.602176,30,200,0,1,21682670.401020,15,176,0,1,21404466.195178,52,144,0,1,22267287.845888,7,128,0,1,24350084.518105,8,116,0,1,23884824.125397,28,188,0,1,20890040.049566,80,160,0,12,23520950.359591,78,144,0,12,24128758.152047,63,148,0,12,24746978.288752,86,176,0,12,25006204.257262,34,168,0,1,19398705.384146,43,160,0,1,19643413.657558,35,136,0,1,21633573.184359,33,120,0,1,22441406.024468,60,144,0,12,26212785.716124,13,176,0,1,20233121.795221,42,88,0,1,23678547.542164,
18,1552384146,0.400000,44,152,0,1,19458718.007219,30,200,0,1,21682773.837185,15,176,0,1,21404398.784987,52,144,0,1,22267253.975015,7,124,0,1,24350220.245899,8,116,0,1,23884896.247146,28,188,0,1,20890033.305057,80,160,0,12,23520938.711571,78,144,0,12,24128831.704715,63,148,0,12,24746929.646270,86,176,0,12,25006297.371624,34,168,0,1,19398733.478997,43,164,0,1,19643491.860709,35,136,0,1,21633453.144311,33,120,0,1,22441580.465570,60,144,0,12,26212685.473348,13,176,0,1,20233125.861122,42,92,0,1,23678712.324570,
18,1552384146,0.600000,44,152,0,1,19458665.604215,30,200,0,1,21682877.386777,15,176,0,1,21404331.339896,52,144,0,1,22267220.226294,7,124,0,1,24350356.200545,8,116,0,1,23884966.492998,28,188,0,1,20890026.464571,80,160,0,12,23520927.185702,78,144,0,12,24128905.135231,63,148,0,12,24746880.872911,86,176,0,12,25006390.651763,34,168,0,1,19398761.390620,43,164,0,1,19643570.212186,35,140,0,1,21633332.903586,33,120,0,1,22441753.109299,60,144,0,12,26212585.518501,13,176,0,1,20233129.970648,42,92,0,1,23678877.307654,
18,1552384146,0.800000,44,152,0,1,19458613.087785,30,200,0,1,21682981.032346,15,176,0,1,21404264.034406,52,144,0,1,22267186.224545,7,124,0,1,24350492.041765,8,116,0,1,23885035.482434,28,188,0,1,20890019.728787,80,160,0,12,23520915.555132,78,144,0,12,24128978.548297,63,148,0,12,24746831.916325,86,176,0,12,25006483.818475,34,168,0,1,19398789.354594,43,164,0,1,19643648.493863,35,140,0,1,21633212.846088,33,120,0,1,22441925.849004,60,152,0,12,26212485.773057,13,176,0,1,20233133.966748,42,92,0,1,23679042.761893,
18,1552384147,0.000000,44,152,0,1,19458560.510279,30,200,0,1,21683084.608113,15,176,0,1,21404196.685291,52,144,0,1,22267152.327497,7,124,0,1,24350627.813184,8,116,0,1,23885106.766573,28,188,0,1,20890013.027904,80,160,0,12,23520903.959462,78,144,0,12,24129051.935188,63,148,0,12,24746783.273843,86,176,0,12,25006577.264391,34,168,0,1,19398817.397094,43,164,0,1,19643726.775540,35,136,0,1,21633092.788589,33,120,0,1,22442099.670623,60,152,0,12,26212385.905460,13,172,0,1,20233137.927947,42,92,0,1,23679208.050356,
17,1552384147,0.200000,44,152,0,1,19458508.046199,30,200,0,1,21683188.175155,15,176,0,1,21404129.257649,52,144,0,1,22267118.447899,7,128,0,1,24350763.898708,28,188,0,1,20890006.257219,80,160,0,12,23520892.520844,78,144,0,12,24129125.409330,63,148,0,12,24746734.448134,86,176,0,12,25006670.431104,34,168,0,1,19398845.291267,43,160,0,1,19643805.074667,35,140,0,1,21632972.713641,33,120,0,1,22442272.881484,60,152,0,12,26212286.020414,13,176,0,1,20233141.915322,42,92,0,1,23679373.050889,
17,1552384147,0.400000,44,152,0,1,19458455.425068,30,200,0,1,21683291.654946,15,176,0,1,21404061.699131,52,144,0,1,22267084.664277,7,128,0,1,24350899.853354,28,188,0,1,20889999.512710,80,160,0,12,23520881.082227,78,144,0,12,24129198.386141,63,148,0,12,24746685.482823,86,176,0,12,25006763.528015,34,168,0,1,19398873.246516,43,160,0,1,19643883.338893,35,140,0,1,21632852.638693,33,116,0,1,22442443.527164,60,152,0,12,26212186.292420,13,176,0,1,20233145.771820,42,92,0,1,23679538.435328,
17,1552384147,0.600000,44,152,0,1,19458402.777761,30,200,0,1,21683395.283064,15,176,0,1,21403994.402367,52,140,0,1,22267050.854480,7,128,0,1,24351035.720749,28,188,0,1,20889992.742026,80,160,0,12,23520869.408031,78,144,0,12,24129271.746856,63,148,0,12,24746636.936317,86,176,0,12,25006856.799429,34,168,0,1,19398901.262840,43,164,0,1,19643961.646745,35,140,0,1,21632732.459043,33,116,0,1,22442615.996391,60,152,0,12,26212086.634226,13,176,0,1,20233149.794095,42,96,0,1,23679703.749966,
17,1552384147,0.800000,44,152,0,1,19458350.252605,30,200,0,1,21683498.832657,15,176,0,1,21403926.939825,52,144,0,1,22267016.939982,7,128,0,1,24351171.605595,28,188,0,1,20889986.058592,80,160,0,12,23520858.030489,78,144,0,12,24129345.125022,63,148,0,12,24746588.049532,86,176,0,12,25006949.817815,34,168,0,1,19398929.418766,43,164,0,1,19644039.928422,35,136,0,1,21632612.270669,33,120,0,1,22442787.898486,60,152,0,12,26211986.827706,13,176,0,1,20233153.737844,42,96,0,1,23679869.038428,
17,1552384148,0.000000,44,152,0,1,19458297.744900,30,200,0,1,21683602.277547,15,176,0,1,21403859.643060,52,144,0,1,22266983.016759,7,128,0,1,24351307.499165,28,188,0,1,20889979.366434,80,160,0,12,23520846.251592,78,144,0,12,24129418.171633,63,148,0,12,24746539.145297,86,176,0,12,25007043.080503,34,168,0,1,19398957.522342,43,164,0,1,19644118.201374,35,136,0,1,21632492.248071,33,116,0,1,22442962.348312,60,152,0,12,26211886.794333,13,176,0,1,20233157.829920,42,96,0,1,23680033.637607,
18,1552384148,0.200000,44,152,0,1,19458245.202295,30,200,0,1,21683705.844590,15,176,0,1,21403792.206694,52,144,0,1,22266949.268038,7,128,0,1,24351443.253134,8,116,1,1,23885519.507848,28,188,0,1,20889972.630650,80,160,0,12,23520834.725723,78,144,0,12,24129491.663225,63,148,0,12,24746490.555166,86,176,0,12,25007136.604945,34,168,0,1,19398985.512491,43,164,0,1,19644196.587752,35,140,0,1,21632372.173123,33,116,0,1,22443133.395347,60,152,0,12,26211786.961637,13,176,0,1,20233161.826020,42,96,0,1,23680198.446189,
18,1552384148,0.400000,44,152,0,1,19458192.712040,30,200,0,1,21683809.350556,15,176,0,1,21403724.892479,52,144,0,1,22266915.318639,7,128,0,1,24351579.251406,8,116,0,1,23885587.240869,28,188,0,1,20889965.851240,80,160,0,12,23520823.156229,78,140,0,12,24129565.050116,63,148,0,12,24746441.720732,86,176,0,12,25007229.754208,34,168,0,1,19399013.685868,43,164,0,1,19644274.825803,35,140,0,1,21632252.071999,33,116,0,1,22443307.653221,60,152,0,12,26211686.998065,13,176,0,1,20233165.612718,42,100,0,1,23680363.167519,
18,1552384148,0.600000,44,152,0,1,19458140.204335,30,200,0,1,21683912.812897,15,176,0,1,21403657.534638,52,144,0,1,22266881.439041,7,128,0,1,24351714.996650,8,116,0,1,23885655.794049,28,188,0,1,20889959.176532,80,160,0,12,23520811.612910,78,144,0,12,24129638.437006,63,148,0,12,24746392.956098,86,176,0,12,25007323.243749,34,168,0,1,19399041.763268,43,160,0,1,19644353.081305,35,140,0,1,21632131.979601,33,116,0,1,22443480.366751,60,152,0,12,26211587.147919,13,176,0,1,20233169.800770,42,96,0,1,23680528.421081,
18,1552384148,0.800000,44,152,0,1,19458087.574478,30,200,0,1,21684016.388664,15,176,0,1,21403590.229148,52,144,0,1,22266847.620520,7,132,0,1,24351850.802970,8,116,0,1,23885727.566794,28,188,0,1,20889952.362222,80,160,0,12,23520800.008515,78,144,0,12,24129711.823897,63,148,0,12,24746344.313616,86,176,0,12,25007416.323211,34,168,0,1,19399069.788318,43,160,0,1,19644431.424057,35,140,0,1,21632011.974453,33,116,0,1,22443651.213108,60,152,0,12,26211487.158171,13,176,0,1,20233173.823045,42,100,0,1,23680693.360539,
18,1552384149,0.000000,44,152,0,1,19458034.874820,30,200,0,1,21684119.903356,15,176,0,1,21403522.627005,52,144,0,1,22266813.810723,7,128,0,1,24351986.748891,8,116,0,1,23885798.816033,28,188,0,1,20889945.635163,80,160,0,12,23520788.395395,78,144,0,12,24129785.219513,63,148,0,12,24746295.322130,86,176,0,12,25007509.725501,34,168,0,1,19399097.813368,43,160,0,1,19644509.731909,35,140,0,1,21631891.777354,33,116,0,1,22443824.450144,60,148,0,12,26211387.168423,13,176,0,1,20233177.854045,42,100,0,1,23680858.439599,
18,1552384149,0.200000,44,152,0,1,19457982.253689,30,200,0,1,21684223.278446,15,176,0,1,21403455.173188,52,144,0,1,22266779.957300,7,128,0,1,24352121.691425,8,112,0,1,23885867.002759,28,188,0,1,20889938.969180,80,160,0,12,23520776.721199,78,144,0,12,24129858.562778,63,148,0,12,24746246.435345,86,176,0,12,25007602.717712,34,168,0,1,19399125.812242,43,160,0,1,19644588.100837,35,140,0,1,21631771.719856,33,116,0,1,22443999.502004,60,152,0,12,26211287.248477,13,176,0,1,20233181.588392,42,100,0,1,23681023.623360,
18,1552384149,0.400000,44,152,0,1,19457929.702358,30,200,0,1,21684326.793138,15,176,0,1,21403387.797897,52,144,0,1,22266746.016627,7,128,0,1,24352256.276229,8,112,0,1,23885934.700879,28,188,0,1,20889932.189770,80,160,0,12,23520765.238956,78,144,0,12,24129931.906043,63,148,0,12,24746197.627086,86,176,0,12,25007696.198528,34,168,0,1,19399153.976893,43,160,0,1,19644666.303988,35,140,0,1,21631651.618732,33,116,0,1,22444173.559201,60,152,0,12,26211187.372155,13,176,0,1,20233185.392539,42,100,0,1,23681188.466842,
17,1552384149,0.600000,44,152,0,1,19457877.081226,30,200,0,1,21684430.211853,15,176,0,1,21403320.440057,52,144,0,1,22266712.215555,7,128,0,1,24352393.016135,28,188,0,1,20889925.384185,80,160,0,12,23520753.468784,78,144,0,12,24130005.406360,63,152,0,12,24746148.653050,86,176,0,12,25007789.513567,34,168,0,1,19399182.028118,43,160,0,1,19644744.489689,35,144,0,1,21631531.622310,33,116,0,1,22444345.784125,60,152,0,12,26211087.644161,13,176,0,1,20233189.379914,42,100,0,1,23681353.668053,
17,1552384149,0.800000,44,152,0,1,19457824.634597,30,200,0,1,21684533.787620,15,176,0,1,21403253.056041,52,144,0,1,22266678.353407,7,128,0,1,24352532.024570,28,188,0,1,20889918.587325,80,160,0,12,23520742.117418,78,144,0,12,24130078.993929,63,152,0,12,24746100.054193,86,176,0,12,25007882.846057,34,168,0,1,19399210.140419,43,160,0,1,19644822.806266,35,144,0,1,21631411.451385,33,116,0,1,22444519.937298,60,152,0,12,26210987.916167,13,176,0,1,20233193.567966,42,100,0,1,23681518.563886,
17,1552384150,0.000000,44,152,0,1,19457772.266494,30,200,0,1,21684637.302312,15,176,0,1,21403185.698201,52,144,0,1,22266644.456359,7,128,0,1,24352664.689850,28,188,0,1,20889911.816641,80,160,0,12,23520730.556648,78,144,0,12,24130152.223767,63,152,0,12,24746051.289560,86,176,0,12,25007976.178546,34,168,0,1,19399238.226545,43,160,0,1,19644901.061767,35,144,0,1,21631291.367712,33,120,0,1,22444691.961544,60,152,0,12,26210888.161997,13,176,0,1,20233197.703668,42,100,0,1,23681683.276491,
17,1552384150,0.200000,44,152,0,1,19457719.828589,30,200,0,1,21684740.904255,15,176,0,1,21403118.383986,52,144,0,1,22266610.672738,7,128,0,1,24352800.025014,28,188,0,1,20889905.072132,80,160,0,12,23520718.856277,78,144,0,12,24130225.802610,63,148,0,12,24746002.568552,86,176,0,12,25008069.607012,34,168,0,1,19399266.260319,43,160,0,1,19644979.491771,35,140,0,1,21631171.284038,33,116,0,1,22444862.764275,60,148,0,12,26210788.346751,13,176,0,1,20233201.865545,42,100,0,1,23681848.198499,
17,1552384150,0.400000,44,152,0,1,19457667.425585,30,200,0,1,21684844.541098,15,176,0,1,21403051.026145,52,144,0,1,22266576.880391,7,128,0,1,24352937.096474,28,188,0,1,20889898.624276,80,160,0,12,23520707.391484,78,144,0,12,24130299.049899,63,148,0,12,24745953.899895,86,176,0,12,25008163.218705,34,168,0,1,19399294.372620,43,160,0,1,19645057.860699,35,140,0,1,21631051.331242,33,116,0,1,22445034.116688,60,148,0,12,26210688.514056,13,176,0,1,20233205.931446,42,100,0,1,23682012.806403,
18,1552384150,0.600000,44,152,0,1,19457614.882980,30,200,0,1,21684947.872562,15,176,0,1,21402983.677030,52,144,0,1,22266543.253822,7,128,0,1,24353073.592077,8,112,1,1,23886361.175475,28,188,0,1,20889891.783791,80,160,0,12,23520695.979042,78,144,0,12,24130372.663643,63,148,0,12,24745905.065460,86,176,0,12,25008256.603546,34,168,0,1,19399322.545997,43,160,0,1,19645136.264527,35,140,0,1,21630931.299919,33,116,0,1,22445207.371175,60,148,0,12,26210588.890763,13,176,0,1,20233210.032247,42,100,0,1,23682177.798211,
18,1552384150,0.800000,44,152,0,1,19457562.375275,30,200,0,1,21685051.413429,15,176,0,1,21402916.450066,52,144,0,1,22266509.417850,7,128,0,1,24353209.380947,8,112,0,1,23886433.096548,28,188,0,1,20889885.231234,80,160,0,12,23520684.418273,78,144,0,12,24130445.814956,63,152,0,12,24745856.231026,86,176,0,12,25008349.874959,34,168,0,1,19399350.710648,43,160,0,1,19645214.659630,35,144,0,1,21630811.242421,33,116,0,1,22445380.442435,60,148,0,12,26210488.988266,13,176,0,1,20233214.089422,42,100,0,1,23682342.798745,
18,1552384151,0.000000,44,152,0,1,19457509.919920,30,200,0,1,21685155.006647,15,176,0,1,21402849.004975,52,144,0,1,22266475.660403,7,128,0,1,24353345.937626,8,112,0,1,23886504.476664,28,188,0,1,20889878.547801,80,160,0,12,23520672.813878,78,140,0,12,24130519.341448,63,152,0,12,24745807.684520,86,176,0,12,25008443.137648,34,172,0,1,19399378.866575,43,160,0,1,19645293.019833,35,144,0,1,21630691.263449,33,116,0,1,22445550.398830,60,152,0,12,26210389.539475,13,176,0,1,20233218.120423,42,100,0,1,23682508.078483,
18,1552384151,0.200000,44,152,0,1,19457457.351139,30,200,0,1,21685258.599865,15,176,0,1,21402781.725660,52,144,0,1,22266442.033834,7,128,0,1,24353483.672194,8,112,0,1,23886576.101082,28,188,0,1,20889871.777116,80,160,0,12,23520661.226933,78,140,0,12,24130592.562562,63,152,0,12,24745758.954787,86,176,0,12,25008536.356711,34,172,0,1,19399407.092302,43,160,0,1,19645371.388761,35,144,0,1,21630571.293202,33,116,0,1,22445724.639255,60,152,0,12,26210289.802756,13,176,0,1,20233222.282300,42,100,0,1,23682672.878339,
18,1552384151,0.400000,44,152,0,1,19457404.712557,30,200,0,1,21685362.193082,15,176,0,1,21402714.306744,52,144,0,1,22266408.241487,7,128,0,1,24353619.783893,8,112,0,1,23886646.172432,28,188,0,1,20889865.329261,80,160,0,12,23520649.448036,78,140,0,12,24130665.993078,63,148,0,12,24745710.373381,86,176,0,12,25008629.549599,34,172,0,1,19399435.160977,43,160,0,1,19645449.661713,35,140,0,1,21630451.340405,33,116,0,1,22445894.037243,60,152,0,12,26210189.987510,13,176,0,1,20233226.400551,42,100,0,1,23682837.468793,
18,1552384151,0.600000,44,152,0,1,19457352.204852,30,200,0,1,21685465.760124,15,176,0,1,21402646.896553,52,144,0,1,22266374.475316,7,128,0,1,24353753.897541,8,112,0,1,23886717.500197,28,188,0,1,20889858.637102,80,160,0,12,23520637.904717,78,140,0,12,24130739.606822,63,152,0,12,24745661.835600,86,176,0,12,25008722.716312,34,172,0,1,19399463.282003,43,160,0,1,19645528.091716,35,144,0,1,21630331.387608,33,116,0,1,22446066.105115,60,144,0,12,26210090.224615,13,176,0,1,20233230.422826,42,100,0,1,23683002.312275,
18,1552384151,0.800000,44,152,0,1,19457299.784398,30,200,0,1,21685569.318442,15,176,0,1,21402579.521262,52,144,0,1,22266340.735320,7,128,0,1,24353891.745536,8,112,0,1,23886789.709198,28,188,0,1,20889851.962394,80,160,0,12,23520626.300322,78,144,0,12,24130813.299091,63,152,0,12,24745613.053517,86,176,0,12,25008815.865574,34,168,0,1,19399491.568806,43,160,0,1,19645606.364668,35,140,0,1,21630211.426087,33,116,0,1,22446238.548167,60,144,0,12,26209990.592597,13,176,0,1,20233234.445101,42,100,0,1,23683167.251733,
18,1552384152,0.000000,44,152,0,1,19457247.346494,30,200,0,1,21685672.929109,15,176,0,1,21402512.180872,52,144,0,1,22266307.004049,7,128,0,1,24354026.958548,8,112,0,1,23886860.033575,28,188,0,1,20889845.104459,80,160,0,12,23520614.879155,78,144,0,12,24130886.773233,63,152,0,12,24745564.393584,86,176,0,12,25008908.971211,34,168,0,1,19399519.803258,43,160,0,1,19645684.698695,35,140,0,1,21630091.386039,33,116,0,1,22446410.354286,60,140,0,12,26209890.410897,13,176,0,1,20233238.511002,42,100,0,1,23683332.173740,
18,1552384152,0.200000,44,152,0,1,19457194.926040,30,200,0,1,21685776.365275,15,176,0,1,21402445.041159,52,144,0,1,22266273.342579,7,128,0,1,24354162.389688,8,112,0,1,23886931.099587,28,188,0,1,20889838.394850,80,160,0,12,23520603.292210,78,144,0,12,24130960.229924,63,152,0,12,24745515.672577,86,176,0,12,25009002.164098,34,168,0,1,19399548.020260,43,160,0,1,19645762.989097,35,140,0,1,21629971.433242,33,116,0,1,22446586.165230,60,140,0,12,26209790.499676,13,176,0,1,20233242.664154,42,100,0,1,23683497.785032,
18,1552384152,0.400000,44,152,0,1,19457142.392159,30,200,0,1,21685879.810166,15,176,0,1,21402377.726944,52,144,0,1,22266239.550232,7,128,0,1,24354300.839716,8,112,0,1,23887002.854882,28,188,0,1,20889831.772492,80,160,0,12,23520591.766341,78,144,0,12,24131033.320161,63,152,0,12,24745467.021369,86,176,0,12,25009095.906668,34,168,0,1,19399576.150011,43,160,0,1,19645841.366750,35,140,0,1,21629851.410644,33,116,0,1,22446760.902985,60,136,0,12,26209690.431402,13,176,0,1,20233246.834756,42,100,0,1,23683662.715765,
18,1552384152,0.600000,44,152,0,1,19457089.814653,30,200,0,1,21685983.176531,15,176,0,1,21402310.517430,52,144,0,1,22266205.757886,7,128,0,1,24354437.998427,8,112,0,1,23887073.135634,28,188,0,1,20889825.281011,80,160,0,12,23520580.284098,78,144,0,12,24131106.785578,63,152,0,12,24745418.492314,86,176,0,12,25009189.064656,34,168,0,1,19399604.314663,43,160,0,1,19645919.683327,35,140,0,1,21629731.318246,33,116,0,1,22446929.672766,60,136,0,12,26209590.502730,13,176,0,1,20233250.987908,42,100,0,1,23683827.184067,
18,1552384152,0.800000,44,152,0,1,19457037.350573,30,200,0,1,21686086.795924,15,176,0,1,21402243.115964,52,144,0,1,22266171.956814,7,128,0,1,24354573.944348,8,112,0,1,23887143.817741,28,188,0,1,20889818.728454,80,160,0,12,23520568.644803,78,144,0,12,24131180.224819,63,152,0,12,24745369.814932,86,176,0,12,25009282.432046,34,168,0,1,19399632.488039,43,160,0,1,19645998.148231,35,144,0,1,21629611.313098,33,116,0,1,22447102.569523,60,136,0,12,26209490.521708,13,176,0,1,20233255.193410,42,100,0,1,23683992.489980,
18,1552384153,0.000000,44,152,0,1,19456984.895219,30,200,0,1,21686190.293165,15,176,0,1,21402175.889001,52,144,0,1,22266138.251718,7,132,0,1,24354710.876207,8,112,0,1,23887215.503236,28,188,0,1,20889812.079921,80,160,0,12,23520557.118934,78,144,0,12,24131253.768762,63,152,0,12,24745321.067748,86,176,0,12,25009375.555133,34,168,0,1,19399660.661416,43,160,0,1,19646076.482259,35,144,0,1,21629491.290501,33,116,0,1,22447274.846798,60,136,0,12,26209390.584311,13,176,0,1,20233259.172060,42,100,0,1,23684157.246211,
18,1552384153,0.200000,44,152,0,1,19456932.300263,30,200,0,1,21686293.842757,15,176,0,1,21402108.566061,52,144,0,1,22266104.494272,7,132,0,1,24354848.828903,8,112,0,1,23887286.324944,28,188,0,1,20889805.501189,80,160,0,12,23520545.627966,78,144,0,12,24131327.312705,63,152,0,12,24745272.730645,86,176,0,12,25009468.695670,34,168,0,1,19399688.887143,43,160,0,1,19646154.929713,35,144,0,1,21629371.294079,33,116,0,1,22447446.111960,60,136,0,12,26209290.585838,13,176,0,1,20233263.185610,42,100,0,1,23684322.744076,
18,1552384153,0.400000,44,152,0,1,19456879.783832,30,200,0,1,21686397.366174,15,176,0,1,21402041.190770,52,144,0,1,22266070.736826,7,132,0,1,24354983.596935,8,112,0,1,23887357.486932,28,188,0,1,20889798.835206,80,164,0,12,23520533.918870,78,144,0,12,24131400.917723,63,152,0,12,24745224.044538,86,176,0,12,25009562.159036,34,168,0,1,19399717.173946,43,164,0,1,19646233.377167,35,144,0,1,21629251.341282,33,112,0,1,22447620.177882,60,136,0,12,26209190.709517,13,176,0,1,20233267.417288,42,100,0,1,23684488.180865,
18,1552384153,0.600000,44,152,0,1,19456827.319753,30,200,0,1,21686500.863415,15,176,0,1,21401973.859105,52,144,0,1,22266037.118981,7,132,0,1,24355119.089151,8,112,0,1,23887429.102626,28,188,0,1,20889792.186673,80,164,0,12,23520522.410451,78,144,0,12,24131474.391865,63,152,0,12,24745175.410781,86,176,0,12,25009655.543876,34,168,0,1,19399745.347322,43,164,0,1,19646311.728644,35,144,0,1,21629131.301234,33,112,0,1,22447794.714960,60,136,0,12,26209090.641243,13,176,0,1,20233271.605340,42,100,0,1,23684653.643829,
18,1552384153,0.800000,44,152,0,1,19456774.951649,30,200,0,1,21686604.360657,15,176,0,1,21401906.579790,52,144,0,1,22266003.326635,7,128,0,1,24355256.003559,8,112,0,1,23887498.650469,28,188,0,1,20889785.730093,80,164,0,12,23520510.998009,78,144,0,12,24131547.996883,63,152,0,12,24745126.576346,86,176,0,12,25009748.911266,34,168,0,1,19399773.546874,43,164,0,1,19646390.193548,35,144,0,1,21629011.278636,33,112,0,1,22447967.323788,60,136,0,12,26208990.825997,13,176,0,1,20233275.723591,42,100,0,1,23684818.888666,
18,1552384154,0.000000,44,152,0,1,19456722.627171,30,200,0,1,21686707.927699,15,176,0,1,21401839.256850,52,144,0,1,22265969.534288,7,128,0,1,24355391.094420,8,108,0,1,23887569.332576,28,188,0,1,20889778.959408,80,164,0,12,23520499.376164,78,144,0,12,24131621.375049,63,152,0,12,24745077.619761,86,176,0,12,25009842.147780,34,168,0,1,19399801.694076,43,164,0,1,19646468.632277,35,144,0,1,21628891.221138,33,112,0,1,22448139.409111,60,136,0,12,26208890.949676,13,176,0,1,20233279.798217,42,100,0,1,23684984.002627,
18,1552384154,0.200000,44,152,0,1,19456670.189267,30,200,0,1,21686811.451116,15,176,0,1,21401772.108412,52,144,0,1,22265935.837918,7,128,0,1,24355527.703449,8,112,0,1,23887640.293886,28,188,0,1,20889772.406851,80,164,0,12,23520487.754319,78,144,0,12,24131694.814290,63,152,0,12,24745028.732976,86,176,0,12,25009935.480269,34,168,0,1,19399829.998329,43,164,0,1,19646547.027380,35,144,0,1,21628771.303242,33,108,0,1,22448308.885625,60,136,0,12,26208791.274032,13,176,0,1,20233283.837943,42,100,0,1,23685149.378340,
18,1552384154,0.400000,44,152,0,1,19456617.786263,30,200,0,1,21686914.896006,15,176,0,1,21401705.003600,52,144,0,1,22265902.150272,7,128,0,1,24355662.558732,8,112,0,1,23887710.679339,28,188,0,1,20889765.697243,80,164,0,12,23520476.359326,78,144,0,12,24131768.148830,63,152,0,12,24744980.107944,86,176,0,12,25010028.804034,34,168,0,1,19399858.250231,43,164,0,1,19646625.422483,35,144,0,1,21628651.376621,33,108,0,1,22448478.719869,60,136,0,12,26208691.467512,13,176,0,1,20233287.947469,42,100,0,1,23685314.457400,
18,1552384154,0.600000,44,152,0,1,19456565.234932,30,200,0,1,21687018.428148,15,176,0,1,21401637.645759,52,144,0,1,22265868.532428,7,128,0,1,24355798.426127,8,112,0,1,23887781.919853,28,188,0,1,20889759.118511,80,164,0,12,23520464.754932,78,144,0,12,24131841.814925,63,152,0,12,24744931.535263,86,176,0,12,25010122.241225,34,168,0,1,19399886.650461,43,164,0,1,19646703.939738,35,144,0,1,21628531.493625,33,108,0,1,22448648.431962,60,136,0,12,26208591.460314,13,176,0,1,20233292.039545,42,96,0,1,23685479.553910,
18,1552384154,0.800000,44,152,0,1,19456512.875554,30,200,0,1,21687122.038816,15,176,0,1,21401570.174493,52,144,0,1,22265834.757531,7,128,0,1,24355934.206271,8,112,0,1,23887853.195268,28,188,0,1,20889752.592129,80,164,0,12,23520453.202888,78,144,0,12,24131915.315242,63,148,0,12,24744882.517601,86,176,0,12,25010215.660965,34,168,0,1,19399914.867463,43,164,0,1,19646782.413367,35,144,0,1,21628411.392501,33,108,0,1,22448820.238081,60,136,0,12,26208491.636344,13,176,0,1,20233296.236322,42,100,0,1,23685644.598069,
18,1552384155,0.000000,44,152,0,1,19456460.411474,30,200,0,1,21687225.605858,15,176,0,1,21401502.799202,52,144,0,1,22265801.113511,7,128,0,1,24356070.675699,8,112,0,1,23887924.845862,28,188,0,1,20889746.083198,80,164,0,12,23520441.642118,78,144,0,12,24131988.894085,63,148,0,12,24744833.831494,86,176,0,12,25010308.775327,34,168,0,1,19399943.136815,43,164,0,1,19646860.869546,35,144,0,1,21628291.474605,33,108,0,1,22448992.157626,60,136,0,12,26208391.716397,13,176,0,1,20233300.380749,42,100,0,1,23685809.528802,
18,1552384155,0.200000,44,152,0,1,19456407.973570,30,200,0,1,21687328.989673,15,176,0,1,21401435.694390,52,144,0,1,22265767.452041,7,128,0,1,24356206.324967,8,112,0,1,23887994.620557,28,188,0,1,20889739.417215,80,164,0,12,23520430.177325,78,144,0,12,24132062.629980,63,148,0,12,24744785.276263,86,176,0,12,25010401.636661,34,168,0,1,19399971.467244,43,164,0,1,19646939.369351,35,144,0,1,21628171.539258,33,108,0,1,22449164.469801,60,136,0,12,26208291.918602,13,176,0,1,20233304.481550,42,96,0,1,23685974.223957,
18,1552384155,0.400000,44,152,0,1,19456355.518216,30,200,0,1,21687432.399664,15,176,0,1,21401368.502326,52,144,0,1,22265733.633519,7,128,0,1,24356340.979572,8,112,0,1,23888063.863021,28,188,0,1,20889732.838483,80,164,0,12,23520418.651456,78,144,0,12,24132136.130297,63,148,0,12,24744736.939160,86,176,0,12,25010494.864449,34,168,0,1,19399999.858748,43,164,0,1,19647017.825530,35,144,0,1,21628051.664988,33,108,0,1,22449336.031617,60,136,0,12,26208191.815428,13,176,0,1,20233308.817929,42,96,0,1,23686139.643296,
18,1552384155,0.600000,44,148,0,1,19456303.097762,30,200,0,1,21687536.045232,15,176,0,1,21401301.135761,52,144,0,1,22265699.980775,7,128,0,1,24356477.344299,8,116,0,1,23888134.327000,28,188,0,1,20889726.146324,80,164,0,12,23520407.073237,78,144,0,12,24132209.525913,63,148,0,12,24744688.479905,86,176,0,12,25010588.031162,34,168,0,1,19400027.927423,43,164,0,1,19647096.377685,35,144,0,1,21627931.659840,33,104,0,1,22449507.026300,60,136,0,12,26208091.816955,13,176,0,1,20233312.944906,42,96,0,1,23686304.521679,
18,1552384155,0.800000,44,148,0,1,19456250.616232,30,200,0,1,21687639.682075,15,176,0,1,21401233.882621,52,144,0,1,22265666.319305,7,128,0,1,24356613.883527,8,116,0,1,23888205.471538,28,188,0,1,20889719.585042,80,164,0,12,23520395.503743,78,144,0,12,24132283.174557,63,148,0,12,24744639.732722,86,176,0,12,25010681.398552,34,168,0,1,19400056.109525,43,164,0,1,19647174.772788,35,144,0,1,21627811.689593,33,104,0,1,22449680.682142,60,136,0,12,26207991.949359,13,176,0,1,20233317.211484,42,96,0,1,23686469.792691,
18,1552384156,0.000000,44,152,0,1,19456198.125977,30,200,0,1,21687743.257842,15,176,0,1,21401166.742909,52,144,0,1,22265632.544408,7,132,0,1,24356749.811998,8,116,0,1,23888275.534162,28,188,0,1,20889713.250613,80,164,0,12,23520384.004049,78,144,0,12,24132356.290969,63,148,0,12,24744591.002989,86,176,0,12,25010774.635065,34,168,0,1,19400084.361428,43,164,0,1,19647253.194067,35,144,0,1,21627691.789147,33,104,0,1,22449852.950692,60,136,0,12,26207892.256265,13,176,0,1,20233321.242484,42,96,0,1,23686634.697249,
18,1552384156,0.200000,44,152,0,1,19456145.661897,30,200,0,1,21687846.833610,15,176,0,1,21401099.332718,52,144,0,1,22265598.874213,7,132,0,1,24356885.243138,8,116,0,1,23888345.151806,28,188,0,1,20889706.654431,80,164,0,12,23520372.356029,78,144,0,12,24132429.974514,63,148,0,12,24744542.264531,86,176,0,12,25010867.827953,34,168,0,1,19400112.648231,43,164,0,1,19647331.746222,35,144,0,1,21627571.635673,33,104,0,1,22450025.114540,60,136,0,12,26207792.441019,13,176,0,1,20233325.474162,42,96,0,1,23686799.348778,
19,1552384156,0.400000,44,148,0,1,19456093.145467,30,200,0,1,21687950.409377,15,176,0,1,21401032.018503,52,144,0,1,22265565.142942,7,132,0,1,24357020.927306,8,112,0,1,23888415.982240,28,188,0,1,20889700.128050,80,164,0,12,23520360.760359,78,144,0,12,24132503.867461,63,148,0,12,24744493.665674,86,176,0,12,25010961.090641,34,168,0,1,19400140.873958,43,164,0,1,19647410.167500,5,116,0,1,24028280.192882,35,144,0,1,21627451.682876,33,104,0,1,22450197.662293,60,136,0,12,26207692.320395,13,176,0,1,20233329.574963,42,96,0,1,23686964.166085,
19,1552384156,0.600000,44,148,0,1,19456040.620311,30,200,0,1,21688053.897894,15,176,0,1,21400964.651937,52,144,0,1,22265531.359321,7,128,0,1,24357156.925578,8,112,0,1,23888487.519407,28,188,0,1,20889693.418441,80,164,0,12,23520349.391542,78,144,0,12,24132577.472479,63,148,0,12,24744445.023192,86,176,0,12,25011054.327155,34,168,0,1,19400169.186936,43,164,0,1,19647488.737106,5,116,0,1,24028434.906513,35,144,0,1,21627331.756255,33,104,0,1,22450370.218771,60,136,0,12,26207592.478974,13,176,0,1,20233333.536163,42,96,0,1,23687128.756538,
20,1552384156,0.800000,44,148,0,1,19455988.278383,30,200,0,1,21688157.456211,15,176,0,1,21400897.477324,52,144,0,1,22265497.636775,7,128,0,1,24357292.950025,8,112,0,1,23888558.341116,28,188,0,1,20889686.883334,80,164,0,12,23520337.830773,78,144,0,12,24132650.789569,63,148,0,12,24744396.145132,86,176,0,12,25011147.467692,34,168,0,1,19400197.351587,43,164,0,1,19647567.140934,5,116,0,1,24028578.975510,35,144,0,1,21627211.672581,33,104,0,1,22450542.941026,60,136,0,12,26207492.506677,24,72,0,1,24741333.965423,13,176,0,1,20233337.663139,42,96,0,1,23687293.216115,
20,1552384157,0.000000,44,148,0,1,19455935.831754,30,200,0,1,21688261.119229,15,176,0,1,21400830.171834,52,144,0,1,22265463.984030,7,128,0,1,24357428.468416,8,112,0,1,23888629.607805,28,188,0,1,20889680.426754,80,164,0,12,23520326.339805,78,144,0,12,24132724.263711,63,148,0,12,24744347.424124,86,176,0,12,25011240.817632,34,168,0,1,19400225.716916,43,164,0,1,19647645.762890,5,116,0,1,24028724.431800,35,144,0,1,21627091.728510,33,104,0,1,22450716.055911,60,136,0,12,26207392.604180,24,72,0,1,24741199.973926,13,176,0,1,20233341.702865,42,96,0,1,23687458.146848,
20,1552384157,0.200000,44,152,0,1,19455883.420025,30,200,0,1,21688364.660096,15,176,0,1,21400763.145548,52,144,0,1,22265430.296384,7,128,0,1,24357564.318362,8,112,0,1,23888700.106685,28,188,0,1,20889673.917822,80,164,0,12,23520314.936087,78,144,0,12,24132797.860004,63,148,0,12,24744298.833993,86,176,0,12,25011334.106496,34,168,0,1,19400254.064795,43,164,0,1,19647724.315045,5,120,0,1,24028872.025742,35,144,0,1,21626971.801888,33,104,0,1,22450886.972069,60,136,0,12,26207292.710409,24,72,0,1,24741067.483148,13,176,0,1,20233345.786216,42,96,0,1,23687623.374235,
20,1552384157,0.400000,44,148,0,1,19455830.982121,30,200,0,1,21688468.401641,15,176,0,1,21400695.866233,52,144,0,1,22265396.530213,7,128,0,1,24357700.194482,8,112,0,1,23888771.015645,28,188,0,1,20889667.129688,80,164,0,12,23520303.820299,78,144,0,12,24132871.465022,63,148,0,12,24744250.121710,86,176,0,12,25011427.447711,34,168,0,1,19400282.281797,43,164,0,1,19647802.806124,5,120,0,1,24029014.803424,35,144,0,1,21626851.753115,33,104,0,1,22451059.833926,60,140,0,12,26207192.677036,24,68,0,1,24740927.445151,13,176,0,1,20233350.201121,42,92,0,1,23687789.020427,
20,1552384157,0.600000,44,152,0,1,19455778.648918,30,200,0,1,21688571.785456,15,176,0,1,21400628.700345,52,144,0,1,22265362.860018,7,132,0,1,24357836.157854,8,112,0,1,23888840.388986,28,188,0,1,20889660.507330,80,164,0,12,23520292.172278,78,144,0,12,24132945.148567,63,152,0,12,24744201.601380,86,176,0,12,25011521.059404,34,168,0,1,19400310.612226,43,164,0,1,19647881.305929,5,120,0,1,24029159.221426,35,144,0,1,21626731.826494,33,104,0,1,22451232.311878,60,140,0,12,26207092.678563,24,68,0,1,24740790.705245,13,176,0,1,20233354.336822,42,92,0,1,23687954.649169,
20,1552384157,0.800000,44,148,0,1,19455726.184838,30,200,0,1,21688675.308872,15,176,0,1,21400561.455931,52,144,0,1,22265329.215998,7,128,0,1,24357972.295727,8,112,0,1,23888911.402647,28,188,0,1,20889654.146726,80,164,0,12,23520280.838362,78,144,0,12,24133018.666334,63,152,0,12,24744153.081049,86,176,0,12,25011614.322092,34,168,0,1,19400338.960104,43,164,0,1,19647959.875534,5,120,0,1,24029305.288473,35,144,0,1,21626611.830072,33,104,0,1,22451404.336124,60,140,0,12,26206992.941843,24,68,0,1,24740654.698247,13,176,0,1,20233358.437624,42,92,0,1,23688120.077233,
20,1552384158,0.000000,44,152,0,1,19455673.895261,30,200,0,1,21688778.779938,15,176,0,1,21400494.211517,52,144,0,1,22265295.641779,7,132,0,1,24358108.250374,8,112,0,1,23888982.521009,28,188,0,1,20889647.611619,80,164,0,12,23520269.443370,78,144,0,12,24133092.271353,63,152,0,12,24744104.517093,86,176,0,12,25011707.558606,34,168,0,1,19400367.377784,43,164,0,1,19648038.497490,5,120,0,1,24029450.797114,35,144,0,1,21626491.842374,33,100,0,1,22451577.206707,60,136,0,12,26206893.091697,24,68,0,1,24740520.794002,13,176,0,1,20233362.486074,42,92,0,1,23688284.711312,
20,1552384158,0.200000,44,152,0,1,19455621.553332,30,200,0,1,21688882.294630,15,176,0,1,21400426.984553,52,144,0,1,22265261.989034,7,128,0,1,24358244.187570,8,112,0,1,23889054.232679,28,188,0,1,20889641.024162,80,164,0,12,23520257.996027,78,144,0,12,24133165.893821,63,152,0,12,24744055.935687,86,176,0,12,25011800.716593,34,168,0,1,19400395.734388,43,164,0,1,19648117.084546,5,120,3,1,24029596.270854,35,144,0,1,21626371.880853,33,100,0,1,22451750.007488,60,136,0,12,26206793.450954,24,64,0,1,24740384.333299,13,176,0,1,20233366.691577,42,92,0,1,23688450.078300,
20,1552384158,0.400000,44,152,0,1,19455569.220129,30,200,0,1,21688985.922748,15,176,0,1,21400359.748864,52,144,0,1,22265228.432266,7,128,0,1,24358380.046240,8,112,0,1,23889124.173152,28,188,0,1,20889634.436705,80,164,0,12,23520246.548684,78,144,0,12,24133239.437764,63,152,0,12,24744007.275755,86,176,0,12,25011894.232310,34,168,0,1,19400423.899039,43,164,0,1,19648195.654151,5,120,2,1,24029740.557979,35,144,0,1,21626251.962956,33,100,0,1,22451922.372013,60,136,0,12,26206693.592083,24,64,0,1,24740248.099449,13,176,0,1,20233370.740027,42,92,0,1,23688615.061384,
20,1552384158,0.600000,44,152,0,1,19455517.009078,30,200,0,1,21689089.550866,15,176,0,1,21400292.617877,52,144,0,1,22265194.901672,7,128,0,1,24358515.861285,8,112,0,1,23889195.117012,28,188,0,1,20889627.919049,80,164,0,12,23520235.310744,78,144,0,12,24133312.920631,63,152,0,12,24743958.511122,86,176,0,12,25011987.416473,34,168,0,1,19400452.168392,43,164,0,1,19648274.363358,5,120,2,1,24029885.578014,35,144,0,1,21626132.202112,33,100,0,1,22452094.588212,60,136,0,12,26206593.977515,24,68,0,1,24740118.383255,13,176,0,1,20233374.875729,42,92,0,1,23688779.634388,
20,1552384158,0.800000,44,152,0,1,19455464.771851,30,200,0,1,21689193.144084,15,176,0,1,21400225.347287,52,144,0,1,22265161.405979,7,128,0,1,24358651.667604,8,112,0,1,23889265.214536,28,188,0,1,20889621.375217,80,164,0,12,23520223.723799,78,144,0,12,24133386.499474,63,152,0,12,24743910.121668,86,176,0,12,25012080.801313,34,168,0,1,19400480.673323,43,164,0,1,19648353.046390,5,124,2,1,24030031.706137,35,144,0,1,21626012.327841,33,100,0,1,22452267.921225,60,136,0,12,26206494.284421,24,68,0,1,24739983.109168,13,176,0,1,20233378.950355,42,92,0,1,23688944.486595,
20,1552384159,0.000000,44,152,0,1,19455412.429923,30,200,0,1,21689296.711126,15,176,0,1,21400158.155224,52,144,0,1,22265127.796860,7,128,0,1,24358787.692052,8,112,0,1,23889335.390587,28,188,0,1,20889614.752859,80,160,0,12,23520212.407333,78,144,0,12,24133459.895090,63,152,0,12,24743861.749664,86,176,0,12,25012174.194878,34,168,0,1,19400509.169528,43,164,0,1,19648431.650896,5,124,2,1,24030181.437731,35,144,0,1,21625892.471021,33,100,0,1,22452440.599855,60,136,0,12,26206394.373200,24,72,0,1,24739852.965444,13,176,0,1,20233383.295459,42,88,0,1,23689109.766332,
20,1552384159,0.200000,44,152,0,1,19455360.227597,30,200,0,1,21689400.304344,15,176,0,1,21400090.814834,52,144,0,1,22265094.135390,7,128,0,1,24358923.402395,8,112,0,1,23889407.608313,28,188,0,1,20889608.357354,80,164,0,12,23520201.038516,78,144,0,12,24133533.351781,63,152,0,12,24743813.430011,86,176,0,12,25012267.370316,34,168,0,1,19400537.613383,43,164,0,1,19648510.360103,5,124,2,1,24030330.916296,35,144,0,1,21625772.553124,33,100,0,1,22452613.348285,60,136,0,12,26206294.653930,24,72,0,1,24739717.220200,13,176,0,1,20233387.684189,42,88,0,1,23689274.941368,
20,1552384159,0.400000,44,152,0,1,19455308.243398,30,200,0,1,21689503.958637,15,176,0,1,21400023.788547,52,144,0,1,22265060.648422,7,128,0,1,24359059.269790,8,112,0,1,23889478.491098,28,184,0,1,20889601.883324,80,160,0,12,23520189.739500,78,144,0,12,24133606.991700,63,152,0,12,24743765.092908,86,176,0,12,25012360.650455,34,168,0,1,19400566.100864,43,164,0,1,19648588.973334,5,124,2,1,24030478.309560,35,144,0,1,21625652.574152,33,100,0,1,22452785.930939,60,140,0,12,26206195.213864,24,72,0,1,24739587.373130,13,176,0,1,20233391.985667,42,88,0,1,23689440.247281,
20,1552384159,0.800000,44,152,0,1,19455203.873646,30,200,0,1,21689711.258499,15,176,0,1,21399889.465496,52,144,0,1,22264993.700662,7,128,0,1,24359331.065657,8,112,0,1,23889618.188816,28,188,0,1,20889588.839286,80,160,0,12,23520166.984416,78,144,0,12,24133754.393689,63,152,0,12,24743667.825395,86,176,0,12,25012547.446311,34,168,0,1,19400622.770446,43,164,0,1,19648745.920592,5,128,2,1,24030774.169277,35,144,0,1,21625412.869236,33,100,0,1,22453131.576127,60,140,0,12,26205995.583374,24,72,0,1,24739317.758540,13,176,0,1,20233400.771852,42,88,0,1,23689770.335599,
20,1552384160,0.000000,44,152,0,1,19455151.671319,30,200,0,1,21689814.956418,15,176,0,1,21399822.229807,52,144,0,1,22264960.178793,7,128,0,1,24359467.011578,8,112,0,1,23889688.661520,28,188,0,1,20889582.347805,80,160,0,12,23520155.467272,78,144,0,12,24133827.850381,63,152,0,12,24743618.956060,86,176,0,12,25012640.613023,34,168,0,1,19400651.188125,43,164,0,1,19648824.559999,5,128,2,1,24030922.531028,35,144,0,1,21625292.907714,33,100,0,1,22453304.141330,60,140,0,12,26205895.803028,24,72,0,1,24739182.903258,13,176,0,1,20233404.863928,42,88,0,1,23689935.152906,
20,1552384160,0.200000,44,152,0,1,19455099.599870,30,200,0,1,21689918.558360,15,176,0,1,21399755.098820,52,144,0,1,22264926.700551,7,132,0,1,24359603.001125,8,108,0,1,23889757.720757,28,188,0,1,20889575.873774,80,160,0,12,23520144.028655,78,144,0,12,24133901.350698,63,152,0,12,24743570.226327,86,176,0,12,25012734.085115,34,168,0,1,19400679.649430,43,164,0,1,19648903.147054,5,128,2,1,24031068.851104,35,144,0,1,21625172.963643,33,100,0,1,22453477.500518,60,140,0,12,26205796.275712,24,72,0,1,24739048.082876,13,176,0,1,20233409.104331,42,88,0,1,23690100.144715,
20,1552384160,0.400000,44,152,0,1,19455047.441169,30,200,0,1,21690022.212654,15,176,0,1,21399687.950382,52,144,0,1,22264893.091431,7,132,0,1,24359739.077923,8,112,0,1,23889828.586091,28,188,0,1,20889569.338668,80,160,0,12,23520132.459160,78,144,0,12,24133974.711413,63,152,0,12,24743521.732172,86,176,0,12,25012827.182026,34,168,0,1,19400708.128186,43,164,0,1,19648981.786461,5,128,2,1,24031212.396595,35,144,0,1,21625053.098097,33,100,0,1,22453650.205323,60,140,0,12,26205696.617518,24,72,0,1,24738913.986677,13,176,0,1,20233413.274933,42,88,0,1,23690265.119073,
20,1552384160,0.600000,44,156,0,1,19454995.299918,30,200,0,1,21690125.692445,15,176,0,1,21399620.871745,52,144,0,1,22264859.648089,7,128,0,1,24359875.189621,8,112,0,1,23889899.067520,28,184,0,1,20889563.047864,80,160,0,12,23520121.081618,78,140,0,12,24134048.517109,63,152,0,12,24743473.028614,86,176,0,12,25012920.558141,34,168,0,1,19400736.580766,43,164,0,1,19649060.452042,5,128,2,1,24031360.758346,35,144,0,1,21624933.197651,33,100,0,1,22453822.665825,60,140,0,12,26205596.889524,24,72,0,1,24738781.225421,13,176,0,1,20233417.716013,42,88,0,1,23690430.503512,
20,1552384160,0.800000,44,156,0,1,19454943.123767,30,200,0,1,21690229.451440,15,176,0,1,21399553.662231,52,144,0,1,22264826.213472,7,128,0,1,24360011.030841,8,112,0,1,23889970.657039,28,184,0,1,20889556.704710,80,160,0,12,23520109.599375,78,140,0,12,24134121.895275,63,152,0,12,24743424.447208,86,176,0,12,25013013.681228,34,168,0,1,19400765.015896,43,164,0,1,19649139.143799,5,128,2,1,24031505.743480,35,140,0,1,21624813.428082,33,100,0,1,22453995.998838,60,136,0,12,26205496.690373,24,72,0,1,24738646.352688,13,176,0,1,20233421.965141,42,88,0,1,23690595.216117,
20,1552384161,0.000000,44,156,0,1,19454891.052317,30,200,0,1,21690333.044657,15,176,0,1,21399486.505068,52,148,0,1,22264792.787580,7,128,0,1,24360146.976762,8,112,0,1,23890041.888828,28,188,0,1,20889550.195779,80,160,0,12,23520098.064781,78,140,0,12,24134195.596270,63,152,0,12,24743375.979228,86,176,0,12,25013107.100969,34,168,0,1,19400793.424850,43,164,0,1,19649217.687229,5,128,2,1,24031651.260846,35,140,0,1,21624693.536361,33,100,0,1,22454170.169461,60,140,0,12,26205397.110706,24,72,0,1,24738512.535693,13,176,0,1,20233426.310245,42,88,0,1,23690760.094499,
20,1552384161,0.200000,44,156,0,1,19454838.928517,30,200,0,1,21690436.742576,15,176,0,1,21399419.400256,52,148,0,1,22264759.326787,7,128,0,1,24360282.870333,8,112,0,1,23890113.138067,28,184,0,1,20889543.922425,80,160,0,12,23520087.018793,78,140,0,12,24134269.044236,63,152,0,12,24743327.127343,86,176,0,12,25013200.258956,34,168,0,1,19400821.903605,43,164,0,1,19649296.361536,5,128,2,1,24031799.971601,35,140,0,1,21624573.618464,33,100,0,1,22454343.554824,60,140,0,12,26205297.391437,24,76,0,1,24738379.024077,13,176,0,1,20233430.777501,42,88,0,1,23690924.964157,
20,1552384161,0.400000,44,156,0,1,19454786.778541,30,200,0,1,21690540.414320,15,176,0,1,21399352.286718,52,148,0,1,22264725.822369,7,128,0,1,24360418.816254,8,112,0,1,23890184.081927,28,184,0,1,20889537.361144,80,160,0,12,23520075.667427,78,140,0,12,24134342.631804,63,152,0,12,24743278.528487,86,176,0,12,25013293.696147,34,168,0,1,19400850.373636,43,164,0,1,19649374.974767,5,128,2,1,24031947.836021,35,140,0,1,21624453.726743,33,100,0,1,22454516.451582,60,140,0,12,26205197.628542,24,76,0,1,24738243.278833,13,176,0,1,20233435.052805,42,88,0,1,23691090.008316,
20,1552384161,0.600000,44,156,0,1,19454734.707092,30,200,0,1,21690644.251840,15,176,0,1,21399285.129555,52,144,0,1,22264692.405202,7,128,0,1,24360554.875602,8,112,0,1,23890255.156664,28,184,0,1,20889530.913288,80,160,0,12,23520064.045582,78,140,0,12,24134416.132121,63,152,0,12,24743230.104133,86,176,0,12,25013386.889035,34,168,0,1,19400878.808765,43,164,0,1,19649453.657798,5,128,2,1,24032095.874944,35,140,0,1,21624333.747771,33,100,0,1,22454688.493278,60,140,0,12,26205097.743495,24,76,0,1,24738107.044983,13,176,0,1,20233439.432809,42,88,0,1,23691254.764547,
19,1552384161,0.800000,44,156,0,1,19454682.635642,30,200,0,1,21690748.106811,15,176,0,1,21399217.920042,52,144,0,1,22264659.171263,7,128,0,1,24360690.908774,8,112,0,1,23890327.313314,28,184,0,1,20889524.535234,80,160,0,12,23520052.641864,78,140,0,12,24134489.693514,63,152,0,12,24743181.514001,86,176,0,12,25013480.282600,34,168,0,1,19400907.252620,43,164,0,1,19649532.262304,5,128,2,1,24032243.364184,35,140,0,1,21624213.681548,33,100,0,1,22454860.151070,60,140,0,12,26204998.120202,13,176,0,1,20233443.777913,42,88,0,1,23691419.773806,
19,1552384162,0.000000,44,156,0,1,19454630.415865,30,200,0,1,21690851.586602,15,176,0,1,21399150.823955,52,148,0,1,22264625.806446,7,128,0,1,24360826.776170,8,112,0,1,23890399.051159,28,184,0,1,20889518.061203,80,160,0,12,23520041.430100,78,140,0,12,24134563.377059,63,152,0,12,24743132.723193,86,176,0,12,25013573.571464,34,168,0,1,19400935.801177,43,164,0,1,19649610.892985,5,128,2,1,24032390.835974,35,140,0,1,21624093.763652,33,100,0,1,22455033.100178,60,140,0,12,26204898.357308,13,176,0,1,20233448.123018,42,88,0,1,23691584.852865,
19,1552384162,0.200000,44,156,0,1,19454578.265890,30,200,0,1,21690955.406673,15,176,0,1,21399083.719142,52,148,0,1,22264592.336929,7,128,0,1,24360962.748266,8,112,0,1,23890470.457450,28,184,0,1,20889511.648248,80,160,0,12,23520030.113633,78,140,0,12,24134636.798850,63,152,0,12,24743084.054535,86,176,0,12,25013666.860328,34,168,0,1,19400964.279932,43,164,0,1,19649689.724344,5,128,2,1,24032539.258801,35,140,0,1,21623973.863206,33,100,0,1,22455206.136537,60,140,0,12,26204798.594413,13,176,0,1,20233452.319795,42,88,0,1,23691749.792324,
19,1552384162,0.400000,44,156,0,1,19454526.229340,30,200,0,1,21691059.060966,15,176,0,1,21399016.727756,52,148,0,1,22264558.849961,7,128,0,1,24361098.519685,8,112,0,1,23890541.907367,28,184,0,1,20889505.209117,80,160,0,12,23520018.805892,78,140,0,12,24134710.255541,63,152,0,12,24743035.699982,86,176,0,12,25013760.410946,34,168,0,1,19400992.933190,43,164,0,1,19649768.433551,5,128,2,1,24032686.041307,35,140,0,1,21623854.058736,33,100,0,1,22455379.329949,60,140,0,12,26204698.787892,13,176,0,1,20233456.900477,42,88,0,1,23691914.810308,
19,1552384162,0.600000,44,156,0,1,19454474.245142,30,200,0,1,21691162.636734,15,176,0,1,21398949.692745,52,148,0,1,22264525.546220,7,128,0,1,24361234.561583,8,116,0,1,23890612.249194,28,184,0,1,20889498.935764,80,160,0,12,23520007.471976,78,140,0,12,24134783.720958,63,152,0,12,24742987.232002,86,176,0,12,25013853.734710,34,168,0,1,19401021.568997,43,168,0,1,19649847.072957,5,128,2,1,24032832.919790,35,140,0,1,21623734.289166,33,100,0,1,22455552.069654,60,140,0,12,26204599.112249,13,176,0,1,20233461.359008,42,88,0,1,23692079.653789,
19,1552384162,0.800000,44,156,0,1,19454422.269668,30,200,0,1,21691266.448079,15,176,0,1,21398882.701359,52,148,0,1,22264492.259930,7,128,0,1,24361370.577305,8,116,0,1,23890682.224568,28,184,0,1,20889492.627510,80,160,0,12,23519996.042083,78,140,0,12,24134857.247451,63,152,0,12,24742938.807648,86,176,0,12,25013947.302778,34,168,0,1,19401050.169904,43,164,0,1,19649925.817065,5,128,2,1,24032979.990225,35,140,0,1,21623614.484696,33,100,0,1,22455724.730833,60,140,0,12,26204499.619832,13,176,0,1,20233465.904790,42,88,0,1,23692244.392570,
19,1552384163,0.000000,44,156,0,1,19454370.067342,30,200,0,1,21691370.189623,15,176,0,1,21398815.640172,52,148,0,1,22264458.973640,7,128,0,1,24361506.453426,8,116,0,1,23890752.627471,28,184,0,1,20889486.371607,80,164,0,12,23519984.542390,78,140,0,12,24134930.826294,63,152,0,12,24742890.348393,86,176,0,12,25014040.661443,34,168,0,1,19401078.762085,43,168,0,1,19650004.622248,5,128,2,1,24033129.268113,35,140,0,1,21623494.671501,33,100,0,1,22455897.487989,60,140,0,12,26204400.214667,13,176,0,1,20233470.258619,42,88,0,1,23692409.445455,
19,1552384163,0.200000,44,156,0,1,19454318.126769,30,200,0,1,21691474.018419,15,176,0,1,21398748.770938,52,148,0,1,22264425.687349,7,128,0,1,24361642.355721,8,116,0,1,23890824.827747,28,184,0,1,20889479.949927,80,164,0,12,23519973.278274,78,140,0,12,24135004.597089,63,152,0,12,24742841.662286,86,176,0,12,25014134.028833,34,168,0,1,19401107.328092,43,168,0,1,19650083.279105,5,128,2,1,24033275.474762,35,140,0,1,21623374.823406,33,100,0,1,22456069.861240,60,140,0,12,26204300.364521,13,176,0,1,20233474.708424,42,88,0,1,23692574.524514,
19,1552384163,0.400000,44,156,0,1,19454266.160020,30,200,0,1,21691577.847215,15,176,0,1,21398681.814452,52,148,0,1,22264392.322533,7,128,0,1,24361778.502320,8,116,0,1,23890895.527304,28,184,0,1,20889473.545697,80,164,0,12,23519961.996708,78,140,0,12,24135078.097406,63,152,0,12,24742793.194306,86,176,0,12,25014227.797578,34,168,0,1,19401135.894098,43,168,0,1,19650161.927236,5,128,2,1,24033422.265994,35,140,0,1,21623255.036386,33,100,0,1,22456242.365367,60,140,0,12,26204200.732503,13,176,0,1,20233479.158230,42,88,0,1,23692739.559949,
19,1552384163,0.600000,44,156,0,1,19454214.193272,30,200,0,1,21691681.745811,15,176,0,1,21398614.919043,52,148,0,1,22264358.975167,7,128,0,1,24361914.448241,8,116,0,1,23890965.214749,28,184,0,1,20889467.263619,80,164,0,12,23519950.898370,78,140,0,12,24135151.554098,63,152,0,12,24742744.665251,86,176,0,12,25014321.086442,34,168,0,1,19401164.556081,43,168,0,1,19650240.749870,5,128,2,1,24033568.498819,35,140,0,1,21623135.327893,33,96,0,1,22456415.803081,60,140,0,12,26204101.039409,13,176,0,1,20233483.529509,42,88,0,1,23692904.551757,
19,1552384163,0.800000,44,156,0,1,19454162.104372,30,200,0,1,21691785.452455,15,176,0,1,21398547.735704,52,148,0,1,22264325.680151,7,128,0,1,24362050.446513,8,116,0,1,23891036.786817,28,184,0,1,20889461.016441,80,160,0,12,23519939.451027,78,140,0,12,24135225.202742,63,152,0,12,24742695.996593,86,176,0,12,25014414.532358,34,168,0,1,19401193.130813,43,168,0,1,19650319.607404,5,128,2,1,24033712.663792,35,140,0,1,21623015.593224,33,96,0,1,22456588.874341,60,140,0,12,26204001.372490,13,176,0,1,20233488.031666,42,84,0,1,23693069.648267,
19,1552384164,0.000000,44,156,0,1,19454110.067822,30,200,0,1,21691889.141649,15,176,0,1,21398480.578541,52,148,0,1,22264292.437487,7,128,0,1,24362186.436060,8,116,0,1,23891110.147532,28,184,0,1,20889454.629661,80,160,0,12,23519928.378864,78,140,0,12,24135299.034613,63,152,0,12,24742647.580964,86,176,0,12,25014507.751421,34,168,0,1,19401221.705544,43,168,0,1,19650398.325336,5,128,2,1,24033860.510762,35,140,0,1,21622895.753853,33,96,0,1,22456761.771098,60,140,0,12,26203901.906249,13,176,0,1,20233492.359320,42,88,0,1,23693234.779678,
19,1552384164,0.200000,44,156,0,1,19454058.013823,30,200,0,1,21691992.883193,15,176,0,1,21398413.656956,52,148,0,1,22264259.229722,7,128,0,1,24362322.373256,8,116,0,1,23891180.742388,28,184,0,1,20889448.269057,80,160,0,12,23519917.036222,78,140,0,12,24135372.709432,63,152,0,12,24742598.990833,86,176,0,12,25014601.144986,34,168,0,1,19401250.306451,43,164,0,1,19650477.051993,5,128,2,1,24034009.081916,35,140,0,1,21622776.001734,33,96,0,1,22456934.057098,60,140,0,12,26203802.535984,13,176,0,1,20233496.948727,42,88,0,1,23693399.213080,
19,1552384164,0.400000,44,156,0,1,19454005.794046,30,200,0,1,21692096.502586,15,176,0,1,21398346.674296,52,148,0,1,22264225.847456,7,128,0,1,24362458.380254,8,116,0,1,23891251.625172,28,184,0,1,20889442.039329,80,160,0,12,23519906.007685,78,140,0,12,24135446.358076,63,152,0,12,24742550.479228,86,176,0,12,25014694.364049,34,168,0,1,19401278.942258,43,164,0,1,19650555.796101,5,128,2,1,24034155.541594,35,140,0,1,21622656.223440,33,96,0,1,22457107.023656,60,140,0,12,26203702.781814,13,176,0,1,20233501.398532,42,84,0,1,23693564.457917,
19,1552384164,0.800000,44,156,0,1,19453901.633697,30,200,0,1,21692304.072926,15,176,0,1,21398212.508296,52,148,0,1,22264159.239975,7,128,0,1,24362730.368072,8,116,0,1,23891395.022337,28,184,0,1,20889429.431547,80,160,0,12,23519883.409653,78,140,0,12,24135593.698990,63,152,0,12,24742453.107013,86,176,0,12,25014881.299507,34,168,0,1,19401336.222598,43,164,0,1,19650713.031288,5,132,2,1,24034446.907879,35,140,0,1,21622416.675575,33,96,0,1,22457453.209801,60,140,0,12,26203503.596304,13,176,0,1,20233510.289418,42,84,0,1,23693895.026116,
19,1552384165,0.000000,44,156,0,1,19453849.422645,30,200,0,1,21692407.674869,15,176,0,1,21398145.490735,52,148,0,1,22264125.892608,7,128,0,1,24362866.436145,8,112,0,1,23891466.978309,28,184,0,1,20889422.905165,80,160,0,12,23519872.032111,78,140,0,12,24135667.365084,63,152,0,12,24742404.717559,86,176,0,12,25014974.579646,34,168,0,1,19401364.823505,43,164,0,1,19650791.644518,5,132,2,1,24034596.334094,35,140,0,1,21622296.871106,33,96,0,1,22457626.263610,60,140,0,12,26203404.226039,13,176,0,1,20233514.747949,42,84,0,1,23694059.503144,
19,1552384165,0.200000,44,156,0,1,19453797.220319,30,200,0,1,21692511.433864,15,176,0,1,21398078.647676,52,148,0,1,22264092.588868,7,128,0,1,24363002.434417,8,116,0,1,23891537.738942,28,184,0,1,20889416.448585,80,160,0,12,23519860.741820,78,140,0,12,24135741.188230,63,152,0,12,24742356.336830,86,176,0,12,25015067.947036,34,168,0,1,19401393.468037,43,164,0,1,19650870.292650,5,132,2,1,24034742.915923,35,140,0,1,21622176.979385,33,96,0,1,22457799.195268,60,140,0,12,26203304.506770,13,176,0,1,20233519.127954,42,84,0,1,23694224.311725,
19,1552384165,0.400000,44,156,0,1,19453745.035443,30,200,0,1,21692615.140508,15,176,0,1,21398011.551589,52,148,0,1,22264059.232777,7,128,0,1,24363138.336713,8,112,0,1,23891608.761329,28,184,0,1,20889410.253758,80,160,0,12,23519849.407904,78,140,0,12,24135814.714723,63,152,0,12,24742307.947376,86,176,0,12,25015161.253350,34,168,0,1,19401422.077669,43,164,0,1,19650948.949506,5,132,2,1,24034889.864206,35,140,0,1,21622057.253441,33,96,0,1,22457972.266528,60,140,0,12,26203205.049254,13,176,0,1,20233523.464333,42,84,0,1,23694388.849828,
19,1552384165,0.600000,44,156,0,1,19453692.963993,30,200,0,1,21692718.864602,15,176,0,1,21397944.621279,52,148,0,1,22264025.894136,7,128,0,1,24363274.518212,8,116,0,1,23891679.984392,28,184,0,1,20889403.814627,80,160,0,12,23519838.065262,78,140,0,12,24135888.302291,63,152,0,12,24742259.409596,86,176,0,12,25015254.891219,34,168,0,1,19401450.661126,43,164,0,1,19651027.711064,5,132,2,1,24035036.079581,35,140,0,1,21621937.344269,33,96,0,1,22458145.608265,60,140,0,12,26203105.164208,13,176,0,1,20233527.853062,42,84,0,1,23694553.431557,
19,1552384165,0.800000,44,156,0,1,19453640.944894,30,200,0,1,21692822.475270,15,176,0,1,21397877.542642,52,148,0,1,22263992.581670,7,128,0,1,24363410.464133,8,116,0,1,23891750.657774,28,184,0,1,20889397.366772,80,160,0,12,23519826.713895,78,140,0,12,24135961.793883,63,152,0,12,24742210.976516,86,176,0,12,25015348.284784,34,168,0,1,19401479.235857,43,164,0,1,19651106.306845,5,132,2,1,24035182.452007,35,140,0,1,21621817.574700,33,96,0,1,22458317.091555,60,140,0,12,26203005.401313,13,176,0,1,20233532.259242,42,84,0,1,23694718.257588,
19,1552384166,0.000000,44,156,0,1,19453588.725117,30,200,0,1,21692926.085938,15,176,0,1,21397810.446555,52,148,0,1,22263959.295380,7,124,0,1,24363546.418780,8,116,0,1,23891819.804262,28,184,0,1,20889391.049793,80,160,0,12,23519815.423604,78,140,0,12,24136035.425077,63,152,0,12,24742162.264233,86,176,0,12,25015441.591098,34,168,0,1,19401507.784414,43,164,0,1,19651185.077128,5,132,2,1,24035330.456029,35,140,0,1,21621697.674254,33,96,0,1,22458489.508432,60,144,0,12,26202905.847821,13,176,0,1,20233536.839925,42,84,0,1,23694882.577564,
19,1552384166,0.400000,44,156,0,1,19453484.163413,30,200,0,1,21693133.525401,15,176,0,1,21397676.524859,52,148,0,1,22263892.539572,7,124,0,1,24363818.310622,8,116,0,1,23891961.177201,28,184,0,1,20889378.267508,80,160,0,12,23519792.694696,78,140,0,12,24136182.399535,63,152,0,12,24742065.145047,86,176,0,12,25015628.168826,34,168,0,1,19401565.152005,43,164,0,1,19651342.259964,5,132,2,1,24035623.113631,35,140,0,1,21621458.248541,33,96,0,1,22458834.673738,60,144,0,12,26202706.391832,13,176,0,1,20233545.791886,42,84,0,1,23695213.041062,
19,1552384166,0.600000,44,152,0,1,19453431.865110,30,200,0,1,21693237.179694,15,176,0,1,21397609.664349,52,148,0,1,22263859.410333,7,124,0,1,24363953.480009,8,116,0,1,23892031.030423,28,184,0,1,20889371.863279,80,160,0,12,23519781.552732,78,140,0,12,24136255.699175,63,152,0,12,24742016.633441,86,176,0,12,25015721.492591,34,168,0,1,19401593.805262,43,164,0,1,19651420.908095,5,132,2,1,24035770.646496,35,140,0,1,21621338.444072,33,96,0,1,22459007.361093,60,144,0,12,26202606.960491,13,176,0,1,20233550.241692,42,84,0,1,23695378.189923,
19,1552384166,0.800000,44,152,0,1,19453379.767485,30,200,0,1,21693341.069566,15,176,0,1,21397542.707864,52,148,0,1,22263825.993166,7,124,0,1,24364087.759435,8,116,0,1,23892100.927270,28,184,0,1,20889365.406698,80,160,0,12,23519770.149015,78,140,0,12,24136329.182042,63,152,0,12,24741967.868808,86,176,0,12,25015814.755279,34,168,0,1,19401622.327643,43,164,0,1,19651499.591127,5,132,2,1,24035916.556492,35,140,0,1,21621218.447649,33,96,0,1,22459180.222950,60,144,0,12,26202507.564051,13,176,0,1,20233554.595521,42,84,0,1,23695542.928703,
19,1552384167,0.000000,44,152,0,1,19453327.617509,30,200,0,1,21693444.723859,15,176,0,1,21397475.716478,52,144,0,1,22263792.794127,7,124,0,1,24364222.527466,8,116,0,1,23892172.359736,28,184,0,1,20889359.115894,80,160,0,12,23519759.015776,78,136,0,12,24136402.699809,63,152,0,12,24741919.374653,86,176,0,12,25015908.236096,34,168,0,1,19401650.815123,43,164,0,1,19651578.256709,5,132,2,1,24036063.714178,35,140,0,1,21621098.678080,33,96,0,1,22459354.070744,60,144,0,12,26202407.652829,13,176,0,1,20233559.211104,42,84,0,1,23695707.772185,
19,1552384167,0.200000,44,152,0,1,19453275.554785,30,200,0,1,21693548.456678,15,176,0,1,21397408.803618,52,144,0,1,22263759.490387,7,120,0,1,24364356.143783,8,116,0,1,23892243.006943,28,184,0,1,20889352.816366,80,160,0,12,23519747.507357,78,140,0,12,24136476.392079,63,152,0,12,24741871.002649,86,176,0,12,25016001.586036,34,168,0,1,19401679.433480,43,164,0,1,19651656.896115,5,132,2,1,24036210.418159,35,140,0,1,21620978.978311,33,96,0,1,22459526.321844,60,144,0,12,26202308.151688,13,176,0,1,20233563.687085,42,84,0,1,23695872.816345,
19,1552384167,0.400000,44,152,0,1,19453223.413534,30,200,0,1,21693652.233123,15,176,0,1,21397341.672630,52,144,0,1,22263726.265172,7,120,0,1,24364492.255482,8,116,0,1,23892314.866939,28,184,0,1,20889346.577913,80,160,0,12,23519736.112365,78,140,0,12,24136550.101799,63,152,0,12,24741822.499769,86,176,0,12,25016094.822549,34,168,0,1,19401708.104188,43,164,0,1,19651735.587872,5,132,2,1,24036356.834211,35,144,0,1,21620859.261092,33,96,0,1,22459700.082387,60,144,0,12,26202208.606921,13,176,0,1,20233568.093265,42,84,0,1,23696037.686002,
19,1552384167,0.600000,44,152,0,1,19453171.403160,30,200,0,1,21693755.931042,15,176,0,1,21397274.707420,52,144,0,1,22263692.848005,7,120,0,1,24364627.686622,8,116,0,1,23892386.116178,28,184,0,1,20889340.409261,80,160,0,12,23519724.665022,78,140,0,12,24136623.907494,63,152,0,12,24741773.979439,86,176,0,12,25016188.242290,34,168,0,1,19401736.862147,43,164,0,1,19651814.366880,5,132,2,1,24036503.834845,35,144,0,1,21620739.622400,33,96,0,1,22459872.918068,60,144,0,12,26202108.922552,13,176,0,1,20233572.412193,42,84,0,1,23696201.971077,
19,1552384167,0.800000,44,152,0,1,19453119.288085,30,200,0,1,21693859.550435,15,176,0,1,21397207.742209,52,144,0,1,22263659.535539,7,120,0,1,24364762.733857,8,116,0,1,23892456.798285,28,184,0,1,20889334.266784,80,160,0,12,23519713.156603,78,140,0,12,24136697.695740,63,152,0,12,24741725.354407,86,176,0,12,25016281.600955,34,168,0,1,19401765.628831,43,164,0,1,19651893.006286,5,132,2,1,24036650.460300,35,144,0,1,21620619.826655,33,96,0,1,22460045.413471,60,144,0,12,26202009.185832,13,176,0,1,20233576.896899,42,84,0,1,23696366.526630,
19,1552384168,0.000000,44,152,0,1,19453067.120659,30,200,0,1,21693963.117477,15,176,0,1,21397140.820624,52,144,0,1,22263626.205623,7,120,0,1,24364901.192609,8,116,0,1,23892528.440154,28,184,0,1,20889327.880005,80,160,0,12,23519701.909938,78,136,0,12,24136771.143707,63,152,0,12,24741676.458897,86,176,0,12,25016374.994520,34,168,0,1,19401794.098861,43,164,0,1,19651971.680593,5,132,2,1,24036797.478384,35,144,0,1,21620500.153062,33,96,0,1,22460219.427042,60,144,0,12,26201909.553814,13,176,0,1,20233581.311805,42,84,0,1,23696531.754017,
