obsCount, time1, time2, sat, SNR, LLI, code,P
20,1552384006,0.000000,44,144,0,1,19496677.666546,5,156,0,1,23917963.694304,30,208,0,1,21610612.187344,15,144,0,1,21452525.586827,52,128,0,1,22292567.662223,7,148,0,1,24254873.730713,8,160,0,1,23836423.390039,28,188,0,1,20895692.340869,80,168,0,12,23529676.672526,78,128,0,12,24077844.096729,63,96,0,12,24781674.949313,86,176,0,12,24941133.102044,34,164,0,1,19380566.074758,43,168,0,1,19589467.373879,93,132,2,1,39315586.240387,35,156,0,1,21718513.515224,33,124,2,1,22320608.698263,60,116,0,12,26282926.403898,13,176,0,1,20231300.908625,42,132,0,1,23562828.709202,
20,1552384006,0.200000,44,144,0,1,19496622.017801,5,160,0,1,23918110.206332,30,208,0,1,21610714.253668,15,144,0,1,21452455.847032,52,128,0,1,22292529.533497,7,148,0,1,24255009.475957,8,160,0,1,23836491.123059,28,188,0,1,20895682.830500,80,168,0,12,23529663.497611,78,128,0,12,24077915.843299,63,100,0,12,24781624.326232,86,176,0,12,24941225.317720,34,164,0,1,19380589.841955,43,168,0,1,19589542.924596,93,132,2,1,39315594.878245,35,156,0,1,21718391.171747,33,124,0,1,22320779.832548,60,116,0,12,26282825.402038,13,176,0,1,20231301.964363,42,132,0,1,23562993.884238,
20,1552384006,0.400000,44,144,0,1,19496566.456308,5,160,0,1,23918256.709635,30,208,0,1,21610816.311266,15,144,0,1,21452386.072336,52,128,0,1,22292491.282620,7,148,0,1,24255145.369527,8,160,0,1,23836558.699027,28,188,0,1,20895673.276506,80,168,0,12,23529649.956242,78,128,0,12,24077987.406642,63,100,0,12,24781575.055542,86,176,0,12,24941317.524671,34,164,0,1,19380613.565526,43,168,0,1,19589618.562565,93,132,2,1,39315603.446302,35,156,0,1,21718268.836996,33,124,0,1,22320950.739980,60,116,0,12,26282724.600855,13,176,0,1,20231303.107353,42,132,0,1,23563159.059274,
20,1552384006,0.600000,44,144,0,1,19496510.851189,5,160,0,1,23918403.195488,30,208,0,1,21610918.368865,15,144,0,1,21452316.306366,52,128,0,1,22292453.031743,7,148,0,1,24255281.315449,8,160,0,1,23836626.283720,28,188,0,1,20895663.975540,80,168,0,12,23529636.737702,78,128,0,12,24078059.153212,63,100,0,12,24781525.147919,86,176,0,12,24941409.845048,34,164,0,1,19380637.481049,43,168,0,1,19589694.095833,93,132,2,1,39315612.145235,35,156,0,1,21718146.545870,33,124,0,1,22321123.392435,60,116,0,12,26282623.476843,13,176,0,1,20231304.363768,42,132,0,1,23563324.199409,
20,1552384006,0.800000,44,144,0,1,19496455.237345,5,160,0,1,23918549.559190,30,208,0,1,21611020.435188,15,144,0,1,21452246.444419,52,128,0,1,22292414.824491,7,144,0,1,24255417.043242,8,160,0,1,23836693.938214,28,188,0,1,20895654.351745,80,168,0,12,23529623.431911,78,128,0,12,24078129.137311,63,100,0,12,24781475.885955,86,176,0,12,24941502.156699,34,164,0,1,19380661.335497,43,168,0,1,19589769.602925,93,132,2,1,39315620.852894,35,156,0,1,21718024.333270,33,124,0,1,22321294.535445,60,116,0,12,26282525.947576,13,176,0,1,20231305.498032,42,132,0,1,23563489.540223,
20,1552384007,0.000000,44,144,0,1,19496399.614776,5,160,0,1,23918696.202094,30,208,0,1,21611122.457886,15,144,0,1,21452176.687174,52,128,0,1,22292376.625964,7,144,0,1,24255552.832111,8,160,0,1,23836761.357131,28,188,0,1,20895644.911177,80,168,0,12,23529610.187196,78,128,0,12,24078202.812130,63,104,0,12,24781425.934706,86,176,0,12,24941594.398550,34,164,0,1,19380685.189944,43,168,0,1,19589845.101292,93,132,2,1,39315629.447126,35,156,0,1,21717902.085770,33,124,0,1,22321467.100648,60,116,0,12,26282426.053805,13,176,0,1,20231306.693372,42,132,0,1,23563654.741434,
20,1552384007,0.200000,44,144,0,1,19496343.922406,5,160,0,1,23918842.469819,30,204,0,1,21611224.402058,15,144,0,1,21452107.148056,52,128,0,1,22292338.366362,7,144,0,1,24255688.612256,8,160,0,1,23836829.212302,28,188,0,1,20895635.444434,80,164,0,12,23529596.619652,78,124,0,12,24078278.720577,63,104,0,12,24781375.878757,86,176,0,12,24941686.971955,34,164,0,1,19380709.000766,43,168,0,1,19589920.652010,93,136,2,1,39315638.189685,35,156,0,1,21717779.925521,33,120,0,1,22321639.124895,60,116,0,12,26282324.807641,13,176,0,1,20231307.941063,42,132,0,1,23563819.951370,
20,1552384007,0.400000,44,144,0,1,19496288.369638,5,160,0,1,23918988.859696,30,204,0,1,21611326.407306,15,144,0,1,21452037.556588,52,128,0,1,22292300.194011,7,144,0,1,24255824.436025,8,160,0,1,23836896.962773,28,188,0,1,20895626.108568,80,164,0,12,23529583.235335,78,128,0,12,24078349.315433,63,104,0,12,24781326.433565,86,176,0,12,24941779.510460,34,164,0,1,19380732.959915,43,168,0,1,19589996.272528,93,132,2,1,39315646.696666,35,156,0,1,21717657.625669,33,120,0,1,22321810.651810,60,116,0,12,26282224.634667,13,176,0,1,20231308.970626,42,132,0,1,23563985.030430,
20,1552384007,0.600000,44,148,0,1,19496232.729619,5,160,0,1,23919135.563677,30,208,0,1,21611428.464905,15,144,0,1,21451967.677191,52,128,0,1,22292262.004209,7,144,0,1,24255960.032942,8,160,0,1,23836964.730693,28,188,0,1,20895616.755251,80,164,0,12,23529569.842293,78,124,0,12,24078417.449808,63,104,0,12,24781277.895784,86,176,0,12,24941871.865738,34,164,0,1,19380756.857989,43,168,0,1,19590071.884322,93,132,2,1,39315655.430500,35,156,0,1,21717535.482870,33,120,0,1,22321982.396853,60,116,0,12,26282123.187826,13,176,0,1,20231309.991464,42,132,0,1,23564150.214191,
20,1552384007,0.800000,44,148,0,1,19496177.159401,5,160,0,1,23919282.128055,30,208,0,1,21611530.566129,15,144,0,1,21451898.120623,52,128,0,1,22292223.805683,7,144,0,1,24256095.752011,8,160,0,1,23837032.411363,28,188,0,1,20895607.663687,80,164,0,12,23529556.580127,78,124,0,12,24078491.726660,63,104,0,12,24781227.735133,86,176,0,12,24941964.046513,34,164,0,1,19380780.738612,43,168,0,1,19590147.548466,93,132,2,1,39315664.277761,35,156,0,1,21717413.278996,33,120,0,1,22322153.766717,60,116,0,12,26282021.679909,13,176,0,1,20231311.361306,42,132,0,1,23564315.406677,
20,1552384008,0.000000,44,148,0,1,19496121.589182,5,160,0,1,23919428.631358,30,208,0,1,21611632.667353,15,144,0,1,21451828.468079,52,128,0,1,22292185.676957,7,144,0,1,24256231.418729,8,160,0,1,23837100.292710,28,188,0,1,20895598.292920,80,164,0,12,23529543.317962,78,124,0,12,24078560.750996,63,104,0,12,24781178.054363,86,176,0,12,24942056.436691,34,164,0,1,19380804.689035,43,168,0,1,19590223.151534,93,132,2,1,39315673.020320,35,156,0,1,21717291.118746,33,120,0,1,22322325.668811,60,116,0,12,26281921.725062,13,176,0,1,20231312.390868,42,132,0,1,23564480.616614,
20,1552384008,0.200000,44,148,0,1,19496065.922988,5,160,0,1,23919575.300438,30,208,0,1,21611734.829652,15,144,0,1,21451758.859160,52,124,0,1,22292147.565681,7,144,0,1,24256367.085446,8,160,0,1,23837167.894853,28,188,0,1,20895588.904703,80,164,0,12,23529530.029621,78,128,0,12,24078636.519842,63,104,0,12,24781129.359531,86,176,0,12,24942148.826868,34,164,0,1,19380828.534758,43,168,0,1,19590298.780778,93,132,0,1,39315681.640727,35,156,0,1,21717168.879971,33,120,0,1,22322497.117201,60,116,0,12,26281821.935992,13,176,0,1,20231313.586208,42,132,0,1,23564645.844001,
20,1552384008,0.400000,44,148,0,1,19496010.317869,5,160,0,1,23919721.925893,30,204,0,1,21611836.843625,15,144,0,1,21451689.293867,52,128,0,1,22292109.419505,7,144,0,1,24256502.883041,8,160,0,1,23837235.636599,28,192,0,1,20895579.254733,80,164,0,12,23529517.020484,78,128,0,12,24078703.799156,63,104,0,12,24781078.893501,86,176,0,12,24942241.051269,34,164,0,1,19380852.441556,43,168,0,1,19590374.366396,93,132,0,1,39315690.173884,35,156,0,1,21717046.641196,33,124,0,1,22322668.216586,60,132,0,12,26281722.155647,13,176,0,1,20231314.694297,42,132,0,1,23564811.019037,
20,1552384008,0.600000,44,148,0,1,19495954.765101,5,160,0,1,23919868.385571,30,204,0,1,21611938.840148,15,144,0,1,21451619.492996,52,124,0,1,22292071.055202,7,144,0,1,24256638.715536,8,156,0,1,23837303.491770,28,192,0,1,20895569.787990,80,164,0,12,23529503.740868,78,128,0,12,24078779.733779,63,104,0,12,24781028.750300,86,176,0,12,24942333.275670,34,164,0,1,19380876.330904,43,172,0,1,19590449.969464,93,132,0,1,39315698.794291,35,156,0,1,21716924.384970,33,124,0,1,22322839.062943,60,132,0,12,26281619.155737,13,176,0,1,20231316.003064,42,132,0,1,23564976.290049,
20,1552384008,0.800000,44,144,0,1,19495899.125081,5,156,0,1,23920014.984850,30,204,0,1,21612040.950097,15,144,0,1,21451549.718300,52,124,0,1,22292032.202292,7,144,0,1,24256774.521855,8,156,0,1,23837371.242241,28,188,0,1,20895560.565550,80,164,0,12,23529490.321651,78,132,0,12,24078848.845366,63,100,0,12,24780979.287658,86,176,0,12,24942425.473895,34,164,0,1,19380900.237703,43,172,0,1,19590525.668509,93,132,0,1,39315707.231472,35,156,0,1,21716802.111295,33,124,0,1,22323010.982488,60,132,0,12,26281518.912961,13,176,0,1,20231317.207129,42,132,0,1,23565141.569786,
20,1552384009,0.000000,44,144,0,1,19495843.511237,5,156,0,1,23920161.523053,30,204,0,1,21612142.972795,15,144,0,1,21451479.952330,52,124,0,1,22291994.605798,7,144,0,1,24256910.275824,8,148,0,1,23837438.870560,28,188,0,1,20895551.238408,80,164,0,12,23529476.640680,78,132,0,12,24078917.843527,63,100,0,12,24780929.938442,86,176,0,12,24942517.977500,34,164,0,1,19380924.127051,43,172,0,1,19590601.376279,93,128,0,1,39315715.816979,35,156,0,1,21716679.872519,33,124,0,1,22323183.259762,60,132,0,12,26281419.813174,13,176,0,1,20231318.376293,42,132,0,1,23565306.648846,
20,1552384009,0.200000,44,144,0,1,19495788.002095,5,156,0,1,23920307.930380,30,204,0,1,21612245.169995,15,144,0,1,21451410.273611,52,124,0,1,22291953.824639,7,144,0,1,24257046.073419,8,152,0,1,23837506.673381,28,188,0,1,20895541.754215,80,164,0,12,23529463.256363,78,132,0,12,24078996.203730,63,100,0,12,24780879.454962,86,176,0,12,24942610.481104,34,164,0,1,19380948.016399,43,172,0,1,19590676.996797,93,128,0,1,39315724.419936,35,156,0,1,21716557.747170,33,128,0,1,22323354.018868,60,132,0,12,26281319.579123,13,176,0,1,20231319.850837,42,132,0,1,23565471.850057,
20,1552384009,0.400000,44,144,0,1,19495732.423151,5,156,0,1,23920454.285356,30,204,0,1,21612347.471897,15,144,0,1,21451340.638517,52,120,0,1,22291913.148181,7,140,0,1,24257182.062966,8,152,0,1,23837574.554728,28,188,0,1,20895532.566675,80,164,0,12,23529450.011648,78,132,0,12,24079071.178590,63,104,0,12,24780829.521164,86,172,0,12,24942703.063234,34,164,0,1,19380971.862121,43,172,0,1,19590752.660941,93,128,0,1,39315732.987993,35,156,0,1,21716435.490945,33,128,0,1,22323527.299530,60,132,0,12,26281217.268497,13,176,0,1,20231320.976376,42,132,0,1,23565636.972743,
20,1552384009,0.600000,44,148,0,1,19495676.905284,5,156,0,1,23920600.771209,30,204,0,1,21612449.703997,15,144,0,1,21451270.968522,52,120,0,1,22291875.525512,7,140,0,1,24257317.886735,8,152,0,1,23837642.183046,28,188,0,1,20895523.344235,80,164,0,12,23529436.854183,78,132,0,12,24079137.053162,63,100,0,12,24780781.122985,86,176,0,12,24942795.627914,34,164,0,1,19380995.812545,43,172,0,1,19590828.272735,93,128,0,1,39315741.294297,35,156,0,1,21716313.295795,33,128,0,1,22323700.615093,60,132,0,12,26281117.906957,13,176,0,1,20231322.363668,42,132,0,1,23565802.200129,
20,1552384009,0.800000,44,148,0,1,19495621.465942,5,148,0,1,23920747.204711,30,208,0,1,21612551.927373,15,140,0,1,21451201.385779,52,120,0,1,22291837.178658,7,140,0,1,24257453.570903,8,152,0,1,23837709.959692,28,188,0,1,20895514.060719,80,164,0,12,23529423.443691,78,132,0,12,24079209.672243,63,100,0,12,24780730.857633,86,176,0,12,24942888.253670,34,164,0,1,19381019.806595,43,172,0,1,19590904.015405,93,128,0,1,39315749.923429,35,156,0,1,21716191.109371,33,124,0,1,22323874.323285,60,132,0,12,26281014.505692,13,176,0,1,20231323.716060,42,132,0,1,23565967.418791,
20,1552384010,0.000000,44,148,0,1,19495566.044050,5,144,0,1,23920893.952317,30,208,0,1,21612654.037322,15,132,0,1,21451131.672159,52,120,0,1,22291798.317023,7,144,0,1,24257589.246346,8,152,0,1,23837777.614186,28,188,0,1,20895504.681227,80,164,0,12,23529410.321127,78,132,0,12,24079280.886582,63,100,0,12,24780680.417779,86,176,0,12,24942980.521696,34,164,0,1,19381043.652317,43,172,0,1,19590979.705724,93,124,0,1,39315758.578737,35,156,0,1,21716068.835695,33,124,0,1,22324046.085778,60,144,0,12,26280913.355505,13,176,0,1,20231324.946300,42,132,0,1,23566132.558926,
20,1552384010,0.200000,44,148,0,1,19495510.552358,5,144,0,1,23921040.926776,30,208,0,1,21612756.313048,15,112,0,1,21451061.792762,52,120,0,1,22291761.043358,7,140,0,1,24257724.886889,8,152,0,1,23837845.434458,28,188,0,1,20895495.327911,80,164,0,12,23529396.884460,78,128,0,12,24079351.437812,63,96,0,12,24780630.213502,86,172,0,12,24943072.938049,34,160,0,1,19381067.567841,43,172,0,1,19591055.474570,93,136,0,1,39315767.373647,35,156,0,1,21715946.675446,33,124,0,1,22324217.542893,60,160,0,12,26280812.868426,13,176,0,1,20231326.307417,42,132,0,1,23566297.751413,
20,1552384010,0.400000,44,148,0,1,19495455.156642,5,144,0,1,23921187.421354,30,208,0,1,21612858.361922,15,112,0,1,21450991.721413,52,120,0,1,22291723.377063,7,140,0,1,24257860.475081,8,152,0,1,23837913.394331,28,188,0,1,20895485.930968,80,164,0,12,23529383.805521,78,128,0,12,24079424.589125,63,92,0,12,24780581.579746,86,176,0,12,24943165.275876,34,156,0,1,19381091.649141,43,172,0,1,19591131.156164,93,140,0,1,39315776.046405,35,164,0,1,21715824.480296,33,120,0,1,22324387.063033,60,160,0,12,26280713.018280,13,176,0,1,20231327.668534,42,132,0,1,23566462.970074,
20,1552384010,0.600000,44,148,0,1,19495399.760925,5,144,0,1,23921333.959558,30,208,0,1,21612960.524221,15,112,0,1,21450922.609826,52,120,0,1,22291685.187262,7,140,0,1,24257996.176699,8,152,0,1,23837981.162251,28,184,0,1,20895476.534026,80,164,0,12,23529370.717858,78,128,0,12,24079495.341033,63,92,0,12,24780532.038577,86,176,0,12,24943257.683504,34,156,0,1,19381115.747892,43,172,0,1,19591206.933735,93,128,0,1,39315784.806415,35,160,0,1,21715702.407298,33,124,0,1,22324558.293295,60,152,0,12,26280612.051320,13,176,0,1,20231328.828974,42,132,0,1,23566628.162561,
20,1552384010,0.800000,44,148,0,1,19495344.339034,5,152,0,1,23921480.689713,30,204,0,1,21613062.826123,15,116,0,1,21450855.147284,52,120,0,1,22291648.323677,7,140,0,1,24258131.878317,8,152,0,1,23838048.694594,28,184,0,1,20895467.128359,80,164,0,12,23529357.481868,78,128,0,12,24079568.518521,63,92,0,12,24780482.837689,86,176,0,12,24943350.091132,34,156,0,1,19381139.750666,43,172,0,1,19591282.754931,93,140,0,1,39315793.452998,35,160,0,1,21715580.281949,33,124,0,1,22324730.867223,60,152,0,12,26280512.899183,13,176,0,1,20231330.181365,42,132,0,1,23566793.363772,
20,1552384011,0.000000,44,148,0,1,19495288.943318,5,148,0,1,23921627.341343,30,208,0,1,21613164.970972,15,132,0,1,21450792.518452,52,120,0,1,22291608.572081,7,140,0,1,24258267.545035,8,152,0,1,23838116.279287,28,184,0,1,20895457.635440,80,160,0,12,23529344.263328,78,128,0,12,24079638.319392,63,92,0,12,24780433.471023,86,172,0,12,24943442.655812,34,156,0,1,19381163.753441,43,172,0,1,19591358.488876,93,136,0,1,39315802.169381,35,156,0,1,21715458.130425,33,120,0,1,22324900.718917,60,152,0,12,26280410.885210,13,176,0,1,20231331.472682,42,132,0,1,23566958.617334,
20,1552384011,0.200000,44,148,0,1,19495233.661028,5,148,0,1,23921773.818471,30,208,0,1,21613267.281599,15,132,0,1,21450723.703519,52,120,0,1,22291570.111801,7,140,0,1,24258403.168127,8,152,0,1,23838184.012307,28,184,0,1,20895448.421725,80,152,0,12,23529331.166940,78,128,0,12,24079710.781421,63,92,0,12,24780383.720452,86,176,0,12,24943535.185592,34,152,0,1,19381187.887092,43,172,0,1,19591434.266446,93,136,0,1,39315810.859590,35,156,0,1,21715335.909100,33,120,0,1,22325071.678701,60,152,0,12,26280313.399569,13,172,0,1,20231332.746547,42,132,0,1,23567123.835995,
20,1552384011,0.400000,44,148,0,1,19495178.300212,5,136,0,1,23921920.443926,30,208,0,1,21613369.740552,15,128,0,1,21450655.830897,52,120,0,1,22291530.482356,7,140,0,1,24258539.009347,8,152,0,1,23838251.832579,28,184,0,1,20895439.129484,80,152,0,12,23529318.096727,78,128,0,12,24079782.833370,63,96,0,12,24780335.226297,86,176,0,12,24943627.741547,34,156,0,1,19381211.933492,43,172,0,1,19591510.026567,93,136,0,1,39315819.645774,35,148,0,1,21715213.801201,33,120,0,1,22325240.535733,60,160,0,12,26280216.062254,13,172,0,1,20231334.203641,42,132,0,1,23567289.115733,
20,1552384011,0.600000,44,156,0,1,19495122.991747,5,136,0,1,23922066.894878,30,208,0,1,21613471.946478,15,112,0,1,21450588.228753,52,116,0,1,22291492.161678,7,140,0,1,24258674.815667,8,152,0,1,23838319.740101,28,184,0,1,20895429.828518,80,152,0,12,23529304.686234,78,128,0,12,24079851.185873,63,100,0,12,24780287.561027,86,176,0,12,24943720.428378,34,156,0,1,19381235.849015,43,172,0,1,19591585.908838,93,148,0,1,39315828.501760,35,144,0,1,21715091.649677,33,120,0,1,22325412.219700,60,160,0,12,26280114.091907,13,172,0,1,20231335.451331,42,132,0,1,23567454.421645,
20,1552384011,0.800000,44,156,0,1,19495067.718182,5,136,0,1,23922213.302205,30,204,0,1,21613574.178578,15,112,0,1,21450524.456933,52,116,0,1,22291453.788649,7,140,0,1,24258810.543460,8,152,0,1,23838387.630173,28,184,0,1,20895420.614803,80,160,0,12,23529291.537495,78,128,0,12,24079923.499575,63,100,0,12,24780236.580216,86,176,0,12,24943813.036684,34,160,0,1,19381259.764539,43,172,0,1,19591661.668959,93,144,0,1,39315837.174518,35,144,0,1,21714969.533053,33,120,0,1,22325586.957455,60,152,0,12,26280016.152560,13,172,0,1,20231336.899699,42,128,0,1,23567619.701383,
20,1552384012,0.000000,44,156,0,1,19495012.348641,5,140,0,1,23922359.936384,30,204,0,1,21613676.384504,15,112,0,1,21450462.639536,52,120,0,1,22291417.134467,7,140,0,1,24258946.332330,8,152,0,1,23838455.502795,28,184,0,1,20895411.453439,80,164,0,12,23529278.380031,78,128,0,12,24079997.375072,63,100,0,12,24780187.492753,86,176,0,12,24943905.365786,34,160,0,1,19381283.872015,43,172,0,1,19591737.420354,93,144,0,1,39315845.969428,35,144,0,1,21714847.398979,33,120,0,1,22325758.615247,60,152,0,12,26279916.930622,13,168,0,1,20231338.208466,42,132,0,1,23567784.937494,
20,1552384012,0.200000,44,156,0,1,19494957.040176,5,140,0,1,23922506.492038,30,204,0,1,21613778.520628,15,108,0,1,21450395.534724,52,120,0,1,22291380.305783,7,140,0,1,24259082.086299,8,152,0,1,23838523.279441,28,184,0,1,20895402.143748,80,164,0,12,23529265.109140,78,132,0,12,24080069.557898,63,100,0,12,24780136.651544,86,176,0,12,24943997.825765,34,160,0,1,19381307.866064,43,172,0,1,19591813.267725,93,140,0,1,39315854.554935,35,148,0,1,21714725.282355,33,116,0,1,22325930.255589,60,160,0,12,26279815.134776,13,168,0,1,20231339.560858,42,128,0,1,23567950.252132,
20,1552384012,0.400000,44,156,0,1,19494901.740436,5,140,0,1,23922652.960441,30,204,0,1,21613880.831255,15,108,0,1,21450330.890392,52,120,0,1,22291344.393234,7,140,0,1,24259217.944969,8,152,0,1,23838591.117162,28,184,0,1,20895392.694455,80,164,0,12,23529252.091278,78,132,0,12,24080142.368931,63,100,0,12,24780085.426430,86,176,0,12,24944090.233393,34,164,0,1,19381331.764137,43,172,0,1,19591889.088921,93,132,0,1,39315863.410921,35,148,0,1,21714603.209357,33,116,0,1,22326103.143621,60,160,0,12,26279714.900726,13,160,0,1,20231340.869624,42,128,0,1,23568115.523144,
20,1552384012,0.600000,44,156,0,1,19494846.283644,5,144,0,1,23922799.359042,30,204,0,1,21613982.836502,15,108,0,1,21450256.526289,52,120,0,1,22291306.159807,7,140,0,1,24259353.629137,8,152,0,1,23838659.007234,28,184,0,1,20895383.384764,80,164,0,12,23529239.186842,78,132,0,12,24080215.939049,63,100,0,12,24780032.779123,86,176,0,12,24944182.518869,34,164,0,1,19381355.793087,43,172,0,1,19591964.849042,93,132,0,1,39315872.101129,35,148,0,1,21714481.127634,33,116,0,1,22326275.255118,60,160,0,12,26279616.115043,13,160,0,1,20231342.160940,42,128,0,1,23568280.759256,
20,1552384012,0.800000,44,156,0,1,19494790.940279,5,144,0,1,23922945.923421,30,204,0,1,21614084.972627,15,104,0,1,21450181.115173,52,120,0,1,22291266.827017,7,140,0,1,24259489.452907,8,152,0,1,23838726.984557,28,184,0,1,20895374.101248,80,164,0,12,23529226.011928,78,132,0,12,24080287.441316,63,96,0,12,24779980.768749,86,176,0,12,24944275.101000,34,164,0,1,19381379.856937,43,172,0,1,19592040.626612,93,136,0,1,39315880.948389,35,148,0,1,21714359.002285,33,116,0,1,22326448.544506,60,160,0,12,26279516.936731,13,168,0,1,20231343.443531,42,128,0,1,23568445.890667,
20,1552384013,0.000000,44,156,0,1,19494735.649264,5,144,0,1,23923092.391824,30,204,0,1,21614187.134927,15,44,0,1,21450116.453392,52,120,0,1,22291228.043908,7,136,0,1,24259625.311577,8,152,0,1,23838794.848454,28,180,0,1,20895364.791557,80,164,0,12,23529212.819563,78,132,0,12,24080359.283863,63,96,0,12,24779930.424871,86,176,0,12,24944367.735480,34,164,0,1,19381403.746285,43,172,0,1,19592116.412908,93,136,0,1,39315889.743299,35,148,0,1,21714236.946737,33,116,0,1,22326621.528514,60,156,0,12,26279416.641604,13,172,0,1,20231344.734847,42,128,0,1,23568611.135504,
20,1552384013,0.200000,44,156,0,1,19494680.218647,5,132,0,1,23923239.026004,30,204,0,1,21614289.358302,15,52,0,1,21450051.425155,52,120,0,1,22291190.621916,7,136,0,1,24259761.161522,8,152,0,1,23838862.721076,28,184,0,1,20895355.490591,80,160,0,12,23529199.557397,78,132,0,12,24080429.529714,63,96,0,12,24779882.157568,86,176,0,12,24944460.335061,34,160,0,1,19381427.626908,43,172,0,1,19592192.295180,93,144,0,1,39315898.573109,35,148,0,1,21714114.760312,33,116,0,1,22326793.343358,60,156,0,12,26279315.447791,13,172,0,1,20231345.947637,42,128,0,1,23568776.197113,
20,1552384013,0.400000,44,156,0,1,19494624.857831,5,132,0,1,23923385.546757,30,208,0,1,21614391.599128,15,100,0,1,21449978.099340,52,120,0,1,22291149.919283,7,148,0,1,24259896.880590,8,152,0,1,23838930.646049,28,192,0,1,20895346.241975,80,160,0,12,23529186.068379,78,132,0,12,24080501.197759,63,100,0,12,24779833.925167,86,176,0,12,24944552.882291,34,160,0,1,19381451.664583,43,172,0,1,19592268.186177,93,136,0,1,39315907.394194,35,148,0,1,21713992.730940,33,116,0,1,22326965.672983,60,156,0,12,26279215.056689,13,176,0,1,20231347.352380,42,128,0,1,23568941.380874,
20,1552384013,0.600000,44,152,0,1,19494569.497016,5,148,0,1,23923531.954084,30,204,0,1,21614493.648001,15,108,0,1,21449904.424521,52,120,0,1,22291111.118724,7,144,0,1,24260032.460057,8,152,0,1,23838998.431419,28,184,0,1,20895337.028260,80,164,0,12,23529173.041792,78,132,0,12,24080573.494011,63,100,0,12,24779784.645752,86,176,0,12,24944645.438246,34,152,0,1,19381475.632457,43,172,0,1,19592343.920122,93,136,0,1,39315916.110578,35,152,0,1,21713870.631766,33,120,0,1,22327139.032172,60,156,0,12,26279113.548772,13,176,0,1,20231348.643696,42,128,0,1,23569106.538460,
20,1552384013,0.800000,44,148,0,1,19494514.206001,5,152,0,1,23923678.405036,30,204,0,1,21614595.757950,15,108,0,1,21449833.349784,52,120,0,1,22291072.998723,7,132,0,1,24260168.187851,8,152,0,1,23839066.286591,28,184,0,1,20895327.840721,80,164,0,12,23529159.744726,78,132,0,12,24080645.545960,63,100,0,12,24779735.767692,86,176,0,12,24944738.098902,34,144,0,1,19381499.748658,43,172,0,1,19592419.706417,93,136,0,1,39315924.617559,35,156,0,1,21713748.602394,33,120,0,1,22327313.010842,60,156,0,12,26279011.988505,13,176,0,1,20231349.856486,42,128,0,1,23569271.626245,
20,1552384014,0.000000,44,148,0,1,19494458.836460,5,144,0,1,23923824.978140,30,204,0,1,21614697.911525,15,108,0,1,21449764.194571,52,120,0,1,22291037.679482,7,136,0,1,24260303.880744,8,148,0,1,23839134.098137,28,188,0,1,20895318.531030,80,164,0,12,23529146.770489,78,132,0,12,24080717.022052,63,100,0,12,24779687.003058,86,176,0,12,24944830.628681,34,144,0,1,19381523.777608,43,172,0,1,19592495.510163,93,136,0,1,39315933.237967,35,156,0,1,21713626.529395,33,120,0,1,22327485.069989,60,156,0,12,26278913.037045,13,172,0,1,20231351.147802,42,128,0,1,23569436.696580,
20,1552384014,0.200000,44,148,0,1,19494403.466919,5,144,0,1,23923971.516343,30,204,0,1,21614799.969123,15,108,0,1,21449696.697129,52,120,0,1,22290999.742709,7,136,0,1,24260439.530011,8,152,0,1,23839201.883508,28,188,0,1,20895309.230064,80,164,0,12,23529133.604300,78,136,0,12,24080789.405555,63,100,0,12,24779637.400814,86,176,0,12,24944923.123560,34,148,0,1,19381547.780382,43,172,0,1,19592571.261558,93,136,0,1,39315942.032877,35,140,0,1,21713504.465122,33,120,0,1,22327657.129136,60,156,0,12,26278811.895583,13,176,0,1,20231352.604895,42,128,0,1,23569601.827990,
19,1552384014,0.400000,44,148,0,1,19494348.018852,5,144,0,1,23924118.141798,30,208,0,1,21614902.148873,15,108,0,1,21449636.354276,52,120,0,1,22290962.032788,7,132,0,1,24260575.345056,8,152,0,1,23839269.607803,28,188,0,1,20895299.955273,80,164,0,12,23529120.455560,78,136,0,12,24080861.762883,63,96,0,12,24779587.397215,86,176,0,12,24945015.662065,34,156,0,1,19381571.687181,43,172,0,1,19592647.065304,35,144,0,1,21713382.313598,33,132,0,1,22327827.958043,60,148,0,12,26278710.579619,13,180,0,1,20231353.983462,42,128,0,1,23569766.985576,
20,1552384014,0.600000,44,148,0,1,19494292.649311,5,144,0,1,23924264.680001,30,208,0,1,21615004.302448,15,112,3,1,21449563.394916,52,120,0,1,22290925.439682,7,136,0,1,24260711.168826,8,152,0,1,23839337.393174,28,188,0,1,20895290.689207,80,164,0,12,23529107.367897,78,136,0,12,24080934.207462,63,92,0,12,24779536.390229,86,176,0,12,24945107.799215,34,156,0,1,19381595.829557,43,172,0,1,19592722.869050,35,144,0,1,21713260.170799,33,136,0,1,22328000.776274,60,136,0,12,26278610.860350,13,180,0,1,20231355.353305,42,128,0,1,23569932.073361,20,120,0,1,24065440.719488,
19,1552384014,0.800000,44,148,0,1,19494237.340846,5,144,0,1,23924411.043703,30,208,0,1,21615106.473473,15,116,2,1,21449486.648858,52,120,0,1,22290886.569322,7,132,0,1,24260846.818094,8,152,0,1,23839405.082568,28,188,0,1,20895281.466767,80,164,0,12,23529094.210433,78,136,0,12,24081006.303036,63,92,0,12,24779485.775872,86,176,0,12,24945200.180667,34,156,0,1,19381619.849782,43,172,0,1,19592798.611720,35,140,0,1,21713137.993100,33,132,0,1,22328174.510642,60,140,0,12,26278511.367933,13,180,0,1,20231356.801673,42,124,0,1,23570097.771903,
19,1552384015,0.000000,44,148,0,1,19494181.918955,5,144,0,1,23924557.503380,30,208,0,1,21615208.871351,15,116,2,1,21449411.874675,52,120,0,1,22290847.184180,7,132,0,1,24260982.449911,8,148,0,1,23839472.876664,28,184,0,1,20895272.261777,80,164,0,12,23529081.105319,78,136,0,12,24081078.433511,63,88,0,12,24779436.304505,86,176,0,12,24945292.736622,34,156,0,1,19381643.922357,43,172,0,1,19592874.424191,35,140,0,1,21713015.832850,33,132,0,1,22328346.002657,60,140,0,12,26278411.072807,13,176,0,1,20231358.197690,42,124,0,1,23570262.144229,
19,1552384015,0.200000,44,148,0,1,19494126.636665,5,144,0,1,23924703.945607,30,208,0,1,21615310.928949,15,132,2,1,21449340.101929,52,120,0,1,22290809.264857,7,132,0,1,24261118.099179,8,148,0,1,23839540.504983,28,184,0,1,20895263.056787,80,164,0,12,23529068.174708,78,136,0,12,24081150.424384,63,88,0,12,24779385.908276,86,176,0,12,24945384.943573,34,156,0,1,19381667.890231,43,172,0,1,19592950.271563,35,140,0,1,21712893.707501,33,132,0,1,22328517.119492,60,140,0,12,26278310.672979,13,176,0,1,20231359.715859,42,124,0,1,23570426.560181,
19,1552384015,0.400000,44,148,0,1,19494071.258399,5,144,0,1,23924850.326759,30,208,0,1,21615413.143599,15,132,2,1,21449267.962729,52,124,0,1,22290772.985855,7,132,0,1,24261253.861873,8,148,0,1,23839608.307804,28,184,0,1,20895253.912873,80,164,0,12,23529055.226647,78,136,0,12,24081222.572310,63,88,0,12,24779334.971091,86,180,0,12,24945477.298850,34,156,0,1,19381691.988982,43,172,0,1,19593026.057858,35,140,0,1,21712771.651953,33,132,0,1,22328689.492743,60,140,0,12,26278210.726857,13,176,0,1,20231361.181677,42,124,0,1,23570589.789518,
19,1552384015,0.600000,44,148,0,1,19494015.819057,5,144,0,1,23924996.768986,30,208,0,1,21615515.375700,15,132,2,1,21449196.844367,52,120,0,1,22290737.588088,7,132,0,1,24261389.441339,8,152,0,1,23839676.189151,28,184,0,1,20895244.707883,80,164,0,12,23529042.060457,78,136,0,12,24081294.737685,63,88,0,12,24779283.065418,86,180,0,12,24945569.671578,34,156,0,1,19381716.122633,43,172,0,1,19593101.791803,35,136,0,1,21712649.491704,33,136,0,1,22328860.818981,60,144,0,12,26278111.208265,13,176,0,1,20231362.673671,42,124,0,1,23570754.720251,
19,1552384015,0.800000,44,148,0,1,19493960.475691,5,140,0,1,23925143.420616,30,204,0,1,21615617.476924,15,132,2,1,21449127.575728,52,120,0,1,22290702.041994,7,128,0,1,24261525.265109,8,152,0,1,23839744.105399,28,184,0,1,20895235.337117,80,164,0,12,23529028.824467,78,132,0,12,24081366.815810,63,88,0,12,24779233.210146,86,180,0,12,24945662.183907,34,156,0,1,19381740.142858,43,172,0,1,19593177.543198,35,136,0,1,21712527.409981,33,136,0,1,22329031.682788,60,144,0,12,26278010.895689,13,176,0,1,20231364.104589,42,124,0,1,23570919.607358,
19,1552384016,0.000000,44,148,0,1,19493905.123601,5,144,0,1,23925289.845393,30,204,0,1,21615719.700300,15,132,2,1,21449054.808320,52,120,0,1,22290664.419325,7,128,0,1,24261660.800950,8,152,0,1,23839811.908220,28,184,0,1,20895226.140852,80,164,0,12,23529015.544851,78,132,0,12,24081438.946285,63,88,0,12,24779183.110571,86,180,0,12,24945755.053966,34,156,0,1,19381764.040931,43,172,0,1,19593253.233518,35,136,0,1,21712405.319532,33,136,0,1,22329204.265441,60,144,0,12,26277910.583112,13,176,0,1,20231365.570407,42,124,0,1,23571085.244825,
19,1552384016,0.200000,44,148,0,1,19493849.745335,5,140,0,1,23925436.374872,30,208,0,1,21615821.722998,15,132,2,1,21448983.358403,52,120,0,1,22290625.252311,7,140,0,1,24261796.572369,8,152,0,1,23839879.641240,28,184,0,1,20895216.874786,80,164,0,12,23529002.326311,78,132,0,12,24081510.972058,63,88,0,12,24779134.005658,86,176,0,12,24945846.999163,34,152,0,1,19381788.017530,43,172,0,1,19593328.845311,35,140,0,1,21712283.115658,33,132,0,1,22329375.199049,60,140,0,12,26277809.755754,13,176,0,1,20231366.983875,42,124,0,1,23571250.079582,
19,1552384016,0.400000,44,148,0,1,19493794.375794,5,144,0,1,23925582.843274,30,204,0,1,21615924.147051,15,132,2,1,21448910.599720,52,120,0,1,22290587.751793,7,140,0,1,24261932.186737,8,152,0,1,23839947.557487,28,184,0,1,20895207.460394,80,164,0,12,23528989.212473,78,132,0,12,24081582.744804,63,84,0,12,24779084.246362,86,172,0,12,24945939.206114,34,156,0,1,19381811.976679,43,172,0,1,19593404.535631,35,148,0,1,21712161.016484,33,132,0,1,22329548.026005,60,140,0,12,26277709.635129,13,180,0,1,20231368.344992,42,124,0,1,23571414.155254,
19,1552384016,0.600000,44,148,0,1,19493738.988803,5,144,0,1,23925729.625781,30,204,0,1,21616026.239550,15,132,2,1,21448837.186654,52,120,0,1,22290550.059323,7,124,0,1,24262067.827279,8,152,0,1,23840015.447559,28,188,0,1,20895198.307755,80,164,0,12,23528976.107359,78,136,0,12,24081654.578625,63,84,0,12,24779034.050811,86,172,0,12,24946031.605017,34,156,0,1,19381835.970728,43,172,0,1,19593480.313201,35,148,0,1,21712038.786434,33,128,0,1,22329720.530133,60,140,0,12,26277609.200401,13,176,0,1,20231369.880611,42,124,0,1,23571578.771883,
19,1552384016,0.800000,44,148,0,1,19493683.715238,5,144,0,1,23925876.190159,30,208,0,1,21616128.323323,15,140,2,1,21448769.427459,52,120,0,1,22290510.351352,7,128,0,1,24262203.476547,8,152,0,1,23840083.328906,28,184,0,1,20895188.902087,80,156,0,12,23528962.679417,78,136,0,12,24081726.429897,63,88,0,12,24778983.104900,86,172,0,12,24946123.899218,34,156,0,1,19381859.982228,43,172,0,1,19593556.108222,35,148,0,1,21711916.643635,33,116,0,1,22329891.978522,60,140,0,12,26277508.940175,13,176,0,1,20231371.328979,42,124,0,1,23571743.824768,
19,1552384017,0.000000,44,148,0,1,19493628.432948,5,144,0,1,23926022.693463,30,204,0,1,21616230.537974,15,144,2,1,21448698.675551,52,120,0,1,22290471.716570,7,128,0,1,24262339.195615,8,152,0,1,23840151.349855,28,184,0,1,20895179.854149,80,156,0,12,23528949.094422,78,136,0,12,24081798.656348,63,92,0,12,24778931.548232,86,172,0,12,24946216.219595,34,160,0,1,19381883.967552,43,172,0,1,19593631.850892,35,152,0,1,21711794.492111,33,116,0,1,22330063.627589,60,144,0,12,26277408.514172,13,176,0,1,20231372.646470,42,124,0,1,23571906.958128,
19,1552384017,0.200000,44,152,0,1,19493573.063407,5,144,0,1,23926169.284017,30,204,0,1,21616332.770074,15,144,2,1,21448627.504838,52,120,0,1,22290433.544219,7,132,0,1,24262474.862333,8,152,0,1,23840219.117776,28,184,0,1,20895170.509558,80,156,0,12,23528935.771181,78,140,0,12,24081870.350568,63,96,0,12,24778879.895587,86,172,0,12,24946308.496347,34,160,0,1,19381907.926701,43,172,0,1,19593707.593562,35,152,0,1,21711672.506364,33,116,0,1,22330236.131716,60,144,0,12,26277308.271396,13,176,0,1,20231374.042488,42,120,0,1,23572072.909699,
19,1552384017,0.400000,44,152,0,1,19493517.632791,5,148,0,1,23926315.595367,30,204,0,1,21616434.906199,15,144,2,1,21448555.810618,52,120,0,1,22290396.610833,7,132,0,1,24262610.572676,8,152,0,1,23840287.086374,28,184,0,1,20895161.252217,80,156,0,12,23528922.386864,78,140,0,12,24081942.367616,63,100,0,12,24778830.781950,86,172,0,12,24946400.965051,34,160,0,1,19381931.973101,43,172,0,1,19593783.318782,35,152,0,1,21711550.415915,33,116,0,1,22330409.630506,60,144,0,12,26277208.011170,13,176,0,1,20231375.534481,42,124,0,1,23572237.212224,
19,1552384017,0.600000,44,152,0,1,19493462.333051,5,148,0,1,23926461.906718,30,204,0,1,21616537.094674,15,144,2,1,21448489.142061,52,120,0,1,22290361.439919,7,132,0,1,24262746.300470,8,152,0,1,23840354.958996,28,184,0,1,20895151.968701,80,156,0,12,23528909.386452,78,140,0,12,24082014.105461,63,104,0,12,24778777.445359,86,172,0,12,24946493.311603,34,160,0,1,19381955.932250,43,172,0,1,19593859.009102,35,152,0,1,21711428.299291,33,116,0,1,22330581.331924,60,144,0,12,26277107.750944,13,176,0,1,20231376.982849,42,124,0,1,23572402.090606,
19,1552384017,0.800000,44,152,0,1,19493406.989685,5,148,0,1,23926608.340220,30,204,0,1,21616639.300599,15,144,2,1,21448418.704257,52,120,0,1,22290323.712549,7,132,0,1,24262881.862486,8,152,0,1,23840422.849068,28,184,0,1,20895142.728811,80,156,0,12,23528895.862533,78,140,0,12,24082086.148685,63,108,1,12,24778729.719014,86,172,0,12,24946585.963534,34,160,0,1,19381979.891399,43,172,0,1,19593934.830298,35,152,0,1,21711306.208843,33,112,3,1,22330750.363458,60,144,0,12,26277008.057850,13,176,0,1,20231378.317791,42,124,0,1,23572566.881737,
19,1552384018,0.000000,44,152,0,1,19493351.707395,5,148,0,1,23926754.634120,30,204,0,1,21616741.454174,15,144,2,1,21448349.042988,52,120,0,1,22290287.346295,7,132,0,1,24263017.450678,8,152,0,1,23840490.582088,28,184,0,1,20895133.410395,80,156,0,12,23528882.661443,78,144,0,12,24082157.773104,63,124,0,12,24778674.829354,86,172,0,12,24946678.222835,34,160,0,1,19382003.824373,43,172,0,1,19594010.695119,35,152,0,1,21711184.092219,33,112,2,1,22330921.375592,60,144,0,12,26276907.849975,13,176,0,1,20231379.766159,42,124,0,1,23572731.873546,
20,1552384018,0.200000,44,152,0,1,19493296.329129,5,148,0,1,23926901.119973,30,204,0,1,21616843.686274,15,144,2,1,21448277.531996,52,120,0,1,22290249.514223,7,132,0,1,24263152.838193,8,152,0,1,23840558.463435,28,184,0,1,20895124.222855,80,156,0,12,23528869.346927,78,144,0,12,24082229.476049,63,124,0,12,24778622.740454,86,172,0,12,24946770.953292,34,160,0,1,19382027.870773,43,172,0,1,19594086.437789,35,152,0,1,21711061.888344,33,112,3,1,22331093.635416,60,148,0,12,26276807.476323,13,176,0,1,20231381.136001,42,124,0,1,23572895.574039,20,116,0,1,24063929.713859,
20,1552384018,0.400000,44,152,0,1,19493240.933413,5,148,0,1,23927047.509850,30,204,0,1,21616945.857299,15,144,2,1,21448207.225069,52,120,0,1,22290211.821752,7,128,0,1,24263288.461285,8,152,0,1,23840626.196455,28,184,0,1,20895115.061491,80,156,0,12,23528856.006236,78,144,0,12,24082301.309870,63,124,0,12,24778569.456214,86,172,0,12,24946863.596498,34,160,0,1,19382051.856097,43,172,0,1,19594162.241535,35,152,0,1,21710939.675744,33,112,2,1,22331264.141494,60,148,0,12,26276707.085220,13,176,0,1,20231382.514568,42,124,0,1,23573061.621586,20,116,0,1,24063845.298430,
20,1552384018,0.600000,44,152,0,1,19493185.633673,5,148,0,1,23927193.803750,30,204,0,1,21617047.958523,15,148,2,1,21448141.324321,52,120,0,1,22290173.012468,7,128,0,1,24263424.023301,8,152,0,1,23840694.165053,28,184,0,1,20895105.856501,80,156,0,12,23528842.796421,78,144,0,12,24082373.545046,63,124,0,12,24778523.771544,86,172,0,12,24946955.855799,34,160,0,1,19382075.902497,43,172,0,1,19594238.045281,35,152,0,1,21710817.541671,33,112,2,1,22331433.888487,60,148,0,12,26276606.868619,13,176,0,1,20231383.858235,42,124,0,1,23573227.311403,20,116,0,1,24063762.654199,
20,1552384018,0.800000,44,152,0,1,19493130.255407,5,148,0,1,23927340.280878,30,204,0,1,21617150.295325,15,148,2,1,21448071.348948,52,120,0,1,22290136.829442,7,128,0,1,24263559.585318,8,152,0,1,23840761.985325,28,184,0,1,20895096.546810,80,156,0,12,23528829.551706,78,144,0,12,24082445.405043,63,124,0,12,24778482.135324,86,172,0,12,24947048.481555,34,160,0,1,19382099.809296,43,172,0,1,19594313.787951,35,152,0,1,21710695.407597,33,112,2,1,22331604.028110,60,148,0,12,26276506.905047,13,176,0,1,20231385.193177,42,124,0,1,23573392.311937,20,112,0,1,24063676.886379,
20,1552384019,0.000000,44,152,0,1,19493074.859691,5,148,0,1,23927486.635854,30,204,0,1,21617252.335473,15,148,2,1,21448000.501064,52,120,0,1,22290101.370599,7,128,0,1,24263695.156059,8,152,0,1,23840829.892847,28,184,0,1,20895087.437796,80,156,0,12,23528816.402967,78,144,0,12,24082517.273765,63,124,0,12,24778434.190851,86,172,0,12,24947140.976434,34,160,0,1,19382123.855696,43,172,0,1,19594389.548072,35,152,0,1,21710573.378224,33,112,2,1,22331774.839566,60,148,0,12,26276406.723347,13,176,0,1,20231386.685171,42,128,0,1,23573557.076893,20,112,0,1,24063590.717204,
20,1552384019,0.200000,44,152,0,1,19493019.481425,5,148,0,1,23927633.008281,30,204,0,1,21617354.358171,15,148,2,1,21447930.621667,52,120,0,1,22290065.623828,7,124,0,1,24263830.770427,8,152,0,1,23840897.835270,28,184,0,1,20895078.197906,80,156,0,12,23528802.896498,78,144,0,12,24082588.950534,63,124,0,12,24778384.213427,86,172,0,12,24947233.418963,34,160,0,1,19382147.893371,43,172,0,1,19594465.343092,35,156,0,1,21710451.252875,33,112,2,1,22331947.841025,60,148,0,12,26276306.471846,13,176,0,1,20231388.098638,42,128,0,1,23573722.408981,20,112,0,1,24063502.759381,
20,1552384019,0.400000,44,152,0,1,19492964.277661,5,148,0,1,23927779.433058,30,204,0,1,21617456.642623,15,148,2,1,21447860.436892,52,120,0,1,22290028.062235,7,124,0,1,24263966.323718,8,152,0,1,23840965.681716,28,184,0,1,20895068.914390,80,156,0,12,23528789.259153,78,144,0,12,24082660.889057,63,124,0,12,24778338.284454,86,172,0,12,24947325.905117,34,160,0,1,19382172.009571,43,172,0,1,19594541.138113,35,156,0,1,21710329.206052,33,112,2,1,22332120.135750,60,148,0,12,26276206.045843,13,176,0,1,20231389.503381,42,124,0,1,23573888.692106,20,112,0,1,24063407.585894,
20,1552384019,0.600000,44,152,0,1,19492908.881945,5,148,0,1,23927925.901460,30,204,0,1,21617558.839823,15,148,2,1,21447790.217215,52,120,0,1,22289989.985859,7,124,0,1,24264101.859559,8,152,0,1,23841033.624139,28,184,0,1,20895059.543623,80,156,0,12,23528776.145314,78,144,0,12,24082732.644352,63,124,0,12,24778283.045790,86,172,0,12,24947418.277844,34,160,0,1,19382196.029796,43,172,0,1,19594616.959309,35,156,0,1,21710207.071978,33,112,2,1,22332290.406249,60,148,0,12,26276105.680916,13,176,0,1,20231390.934299,42,128,0,1,23574053.500687,20,112,0,1,24063315.029939,
20,1552384019,0.800000,44,152,0,1,19492853.686906,5,148,0,1,23928072.204086,30,204,0,1,21617660.923597,15,148,2,1,21447722.684873,52,120,0,1,22289953.113549,7,124,0,1,24264237.517552,8,160,0,1,23841101.444410,28,184,0,1,20895050.033254,80,156,0,12,23528762.900599,78,140,0,12,24082804.451998,63,124,0,12,24778234.822113,86,172,0,12,24947510.746548,34,160,0,1,19382220.119822,43,172,0,1,19594692.806681,35,156,0,1,21710085.007705,33,112,2,1,22332463.957390,60,148,0,12,26276005.464315,13,172,0,1,20231392.251790,42,124,0,1,23574218.099866,20,112,0,1,24063226.932514,
20,1552384020,0.000000,44,152,0,1,19492798.326090,5,152,0,1,23928218.689939,30,204,0,1,21617763.103347,15,148,2,1,21447653.346432,52,120,0,1,22289915.342553,7,124,0,1,24264373.175545,8,152,0,1,23841169.317032,28,184,0,1,20895040.749739,80,156,0,12,23528749.577358,78,140,0,12,24082875.945540,63,124,0,12,24778184.190307,86,172,0,12,24947602.831347,34,160,0,1,19382244.140047,43,172,0,1,19594768.802379,35,156,0,1,21709962.882356,33,116,2,1,22332635.117850,60,148,0,12,26275905.090663,13,168,0,1,20231393.769959,42,124,0,1,23574382.672869,20,112,0,1,24063142.473461,
20,1552384020,0.200000,44,152,0,1,19492742.965275,5,152,0,1,23928365.271768,30,204,0,1,21617865.152220,15,148,1,1,21447584.828153,52,120,0,1,22289876.027213,7,128,0,1,24264508.755011,8,152,0,1,23841237.355431,28,184,0,1,20895031.544749,80,156,0,12,23528736.341368,78,140,0,12,24082947.875338,63,120,0,12,24778132.389335,86,172,0,12,24947695.204075,34,160,0,1,19382268.151546,43,172,0,1,19594844.614850,35,152,0,1,21709840.852984,33,116,2,1,22332807.621978,60,148,0,12,26275804.647209,13,172,0,1,20231395.183427,42,124,0,1,23574547.097546,20,108,0,1,24063056.408987,
19,1552384020,0.400000,44,152,0,1,19492687.752786,5,152,0,1,23928511.513317,30,204,0,1,21617967.489022,15,144,0,1,21447514.337998,52,120,0,1,22289838.177690,7,128,0,1,24264644.386829,8,152,0,1,23841305.324029,28,184,0,1,20895022.383384,80,156,0,12,23528723.096652,78,140,0,12,24083019.778960,63,120,0,12,24778079.733303,86,176,0,12,24947787.786205,34,160,0,1,19382292.276472,43,172,0,1,19594920.436046,35,152,0,1,21709718.631659,33,116,2,1,22332980.274432,60,148,0,12,26275704.273557,13,172,0,1,20231396.806297,42,124,0,1,23574712.359833,
19,1552384020,0.600000,44,152,0,1,19492632.391970,5,148,0,1,23928657.763592,30,204,0,1,21618069.756023,15,144,0,1,21447444.894856,52,120,0,1,22289800.397969,7,128,0,1,24264780.036096,8,152,0,1,23841373.266452,28,184,0,1,20895013.152219,80,156,0,12,23528709.965363,78,136,0,12,24083091.761108,63,120,0,12,24778036.229910,86,176,0,12,24947880.298534,34,160,0,1,19382316.366498,43,172,0,1,19594996.231067,35,156,0,1,21709596.497585,33,116,2,1,22333154.122226,60,148,0,12,26275604.179108,13,172,0,1,20231398.359366,42,128,0,1,23574877.220765,
19,1552384020,0.800000,44,152,0,1,19492576.996254,5,148,0,1,23928804.162194,30,204,0,1,21618171.822347,15,144,0,1,21447376.027572,52,120,0,1,22289762.496096,7,128,0,1,24264915.720264,8,152,0,1,23841441.304851,28,180,0,1,20895003.903604,80,156,0,12,23528696.825349,78,136,0,12,24083163.856683,63,120,0,12,24777983.277225,86,176,0,12,24947972.837039,34,160,0,1,19382340.369272,43,172,0,1,19595072.069713,35,156,0,1,21709474.389686,33,120,2,1,22333326.451852,60,148,0,12,26275504.180635,13,172,0,1,20231399.833910,42,124,0,1,23575043.076360,
19,1552384021,0.000000,44,152,0,1,19492521.626713,5,148,0,1,23928950.534620,30,204,0,1,21618274.098073,15,140,0,1,21447306.436104,52,120,0,1,22289725.362033,7,128,0,1,24265051.343357,8,152,0,1,23841509.255999,28,180,0,1,20894994.663714,80,156,0,12,23528683.484658,78,140,0,12,24083235.446201,63,116,0,12,24777927.645930,86,176,0,12,24948065.235942,34,160,0,1,19382364.406947,43,172,0,1,19595147.882184,35,156,0,1,21709352.290512,33,120,2,1,22333497.420360,60,140,0,12,26275403.676106,13,172,0,1,20231401.291003,42,124,0,1,23575208.347372,
20,1552384021,0.200000,44,152,0,1,19492466.388049,5,148,0,1,23929096.671469,30,204,0,1,21618376.173121,15,144,0,1,21447237.254716,52,120,0,1,22289684.511073,7,124,0,1,24265187.010074,8,152,0,1,23841577.076270,28,184,0,1,20894985.415098,80,156,0,12,23528670.248668,78,140,0,12,24083307.218946,63,120,0,12,24777878.872572,86,176,0,12,24948157.486518,34,160,0,1,19382388.496973,43,172,0,1,19595223.694655,93,140,3,1,39316245.073358,35,156,0,1,21709230.156439,33,124,2,1,22333668.406318,60,140,0,12,26275303.607833,13,172,0,1,20231402.678295,42,124,0,1,23575372.676072,
20,1552384021,0.400000,44,152,0,1,19492411.131934,5,148,0,1,23929243.017720,30,204,0,1,21618478.352871,15,144,0,1,21447166.790736,52,120,0,1,22289647.036730,7,124,0,1,24265322.493565,8,152,0,1,23841644.913992,28,184,0,1,20894976.323535,80,156,0,12,23528657.204630,78,136,0,12,24083379.227270,63,120,0,12,24777825.518531,86,176,0,12,24948249.833070,34,160,0,1,19382412.613174,43,172,0,1,19595299.515851,93,148,2,1,39316253.344761,35,156,0,1,21709108.109616,33,124,2,1,22333840.168812,60,140,0,12,26275203.155654,13,168,0,1,20231404.091763,42,124,0,1,23575537.833658,
20,1552384021,0.600000,44,152,0,1,19492355.901995,5,152,0,1,23929389.302895,30,204,0,1,21618580.497721,15,144,0,1,21447096.876439,52,120,0,1,22289610.749002,7,124,0,1,24265458.160283,8,152,0,1,23841712.856414,28,184,0,1,20894967.144720,80,156,0,12,23528643.933740,78,136,0,12,24083451.226868,63,120,0,12,24777772.888674,86,176,0,12,24948342.389025,34,160,0,1,19382436.633398,43,172,0,1,19595375.267246,93,148,2,1,39316261.345686,35,156,0,1,21708986.088968,33,124,2,1,22334011.425249,60,140,0,12,26275102.773277,13,168,0,1,20231405.575031,42,124,0,1,23575703.663077,
20,1552384021,0.800000,44,152,0,1,19492300.532454,5,152,0,1,23929535.675322,30,204,0,1,21618682.703646,15,144,0,1,21447025.984929,52,120,0,1,22289573.030357,7,128,0,1,24265593.669949,8,152,0,1,23841780.877363,28,188,0,1,20894958.253834,80,156,0,12,23528630.636674,78,136,0,12,24083523.191566,63,120,0,12,24777722.160891,86,176,0,12,24948435.320160,34,160,0,1,19382460.845576,43,172,0,1,19595451.105892,93,148,2,1,39316270.088245,35,156,0,1,21708864.024695,33,124,2,1,22334185.037465,60,140,0,12,26275002.198947,13,168,0,1,20231407.154276,42,124,0,1,23575868.646161,
20,1552384022,0.000000,44,152,0,1,19492245.197814,5,152,0,1,23929682.143724,30,204,0,1,21618784.892121,15,144,0,1,21446956.393461,52,120,0,1,22289534.474101,7,128,0,1,24265729.135989,8,148,0,1,23841848.619108,28,188,0,1,20894949.205896,80,156,0,12,23528617.453034,78,136,0,12,24083594.911961,63,120,0,12,24777675.385583,86,176,0,12,24948527.762688,34,160,0,1,19382485.022852,43,172,0,1,19595527.057965,93,148,2,1,39316278.446899,35,156,0,1,21708741.873171,33,124,2,1,22334355.246889,60,140,0,12,26274902.043422,13,168,0,1,20231408.663720,42,124,0,1,23576033.969524,
20,1552384022,0.200000,44,152,0,1,19492190.002775,5,152,0,1,23929828.533601,30,204,0,1,21618886.984620,15,148,0,1,21446886.906694,52,120,0,1,22289498.657529,7,128,0,1,24265864.732906,8,152,0,1,23841916.657507,28,188,0,1,20894940.027082,80,156,0,12,23528604.347921,78,136,0,12,24083666.684707,63,120,0,12,24777623.828914,86,176,0,12,24948620.091790,34,160,0,1,19382509.043077,43,172,0,1,19595602.896611,93,148,2,1,39316287.206909,35,156,0,1,21708619.756547,33,124,2,1,22334526.171771,60,140,0,12,26274801.591244,13,168,0,1,20231410.208064,42,124,0,1,23576199.004958,
20,1552384022,0.400000,44,152,0,1,19492134.703035,5,152,0,1,23929974.783876,30,204,0,1,21618989.207996,15,148,0,1,21446817.140724,52,120,0,1,22289460.790556,7,128,0,1,24266000.390899,8,148,0,1,23841984.565030,28,188,0,1,20894930.891893,80,156,0,12,23528591.207907,78,132,0,12,24083738.413827,63,124,0,12,24777574.366272,86,176,0,12,24948712.473243,34,160,0,1,19382533.211628,43,172,0,1,19595678.909760,93,148,2,1,39316295.801141,35,156,0,1,21708497.744625,33,124,2,1,22334696.782550,60,140,0,12,26274701.252492,13,168,0,1,20231411.560456,42,124,0,1,23576364.005492,
20,1552384022,0.600000,44,152,0,1,19492079.429470,5,152,0,1,23930121.042876,30,204,0,1,21619091.265594,15,148,0,1,21446747.584156,52,120,0,1,22289422.722906,7,128,0,1,24266135.952915,8,148,0,1,23842052.245699,28,188,0,1,20894921.800329,80,156,0,12,23528578.286020,78,132,0,12,24083810.204023,63,124,0,12,24777522.617652,86,176,0,12,24948804.933222,34,160,0,1,19382557.266754,43,172,0,1,19595754.565179,93,148,2,1,39316304.578600,35,156,0,1,21708375.750152,33,124,2,1,22334868.579944,60,144,0,12,26274601.123142,13,168,0,1,20231412.956473,42,124,0,1,23576528.910050,
20,1552384022,0.800000,44,152,0,1,19492024.077379,5,152,0,1,23930267.476378,30,204,0,1,21619193.445344,15,148,0,1,21446678.018863,52,120,0,1,22289385.815696,7,128,0,1,24266271.497481,8,148,0,1,23842119.978719,28,188,0,1,20894912.630240,80,156,0,12,23528565.189632,78,132,0,12,24083881.959318,63,124,0,12,24777477.517564,86,172,0,12,24948897.157622,34,160,0,1,19382581.409130,43,172,0,1,19595830.403825,93,148,2,1,39316313.207733,35,160,0,1,21708253.685879,33,120,2,1,22335040.778693,60,144,0,12,26274500.923992,13,172,0,1,20231414.544443,42,124,0,1,23576693.893133,
20,1552384023,0.000000,44,152,0,1,19491968.882341,5,152,0,1,23930413.709203,30,204,0,1,21619295.564018,15,148,0,1,21446608.558271,52,120,0,1,22289349.920598,7,128,0,1,24266407.155474,8,148,0,1,23842187.860066,28,184,0,1,20894903.355449,80,156,0,12,23528551.988542,78,132,0,12,24083953.880390,63,124,0,12,24777429.974446,86,172,0,12,24948989.591426,34,160,0,1,19382605.560231,43,172,0,1,19595906.286097,93,148,2,1,39316321.915392,35,160,0,1,21708131.630331,33,120,2,1,22335213.666725,60,144,0,12,26274400.419463,13,172,0,1,20231416.036437,42,124,0,1,23576858.998368,
20,1552384023,0.200000,44,156,0,1,19491913.643677,5,152,0,1,23930560.072904,30,204,0,1,21619397.769944,15,148,0,1,21446539.263456,52,120,0,1,22289311.181115,7,128,0,1,24266542.551714,8,140,0,1,23842255.601812,28,184,0,1,20894894.368587,80,156,0,12,23528538.865979,78,132,0,12,24084025.696761,63,124,0,12,24777381.262163,86,172,0,12,24949082.304433,34,164,0,1,19382629.772408,43,172,0,1,19595982.177094,93,148,3,1,39316330.527074,35,160,0,1,21708009.600959,33,120,2,1,22335386.109777,60,144,0,12,26274300.045810,13,172,0,1,20231417.737833,42,124,0,1,23577024.129779,
20,1552384023,0.400000,44,156,0,1,19491858.335211,5,152,0,1,23930706.515131,30,204,0,1,21619499.932243,15,148,0,1,21446469.759239,52,124,0,1,22289272.066451,7,128,0,1,24266677.799626,8,140,0,1,23842323.596585,28,184,0,1,20894885.381725,80,156,0,12,23528525.769590,78,132,0,12,24084097.556758,63,124,0,12,24777329.435016,86,172,0,12,24949174.781862,34,164,0,1,19382653.914785,43,172,0,1,19596058.094266,93,148,2,1,39316339.060231,35,156,0,1,21707887.510510,33,120,2,1,22335554.905733,60,148,0,12,26274199.750684,13,172,0,1,20231419.308353,42,124,0,1,23577189.287365,
20,1552384023,0.600000,44,156,0,1,19491803.096547,5,152,0,1,23930852.878832,30,204,0,1,21619602.295221,15,148,0,1,21446400.211396,52,124,0,1,22289236.162628,7,132,0,1,24266813.361643,8,144,0,1,23842391.303430,28,184,0,1,20894876.342512,80,156,0,12,23528512.804078,78,136,0,12,24084169.469105,63,124,0,12,24777276.962211,86,172,0,12,24949267.425068,34,164,0,1,19382678.188037,43,172,0,1,19596133.993988,93,148,2,1,39316347.584662,35,156,0,1,21707765.507313,33,120,2,1,22335728.282371,60,148,0,12,26274099.560259,13,172,0,1,20231420.669470,42,124,0,1,23577354.331524,
20,1552384023,0.800000,44,156,0,1,19491747.788082,5,152,0,1,23930999.146558,30,204,0,1,21619704.492421,15,148,0,1,21446330.515227,52,120,0,1,22289198.548684,7,132,0,1,24266948.932384,8,144,0,1,23842459.289478,28,184,0,1,20894867.399276,80,156,0,12,23528499.672789,78,136,0,12,24084241.599580,63,124,0,12,24777229.611046,86,172,0,12,24949359.745445,34,164,0,1,19382702.408940,43,172,0,1,19596209.911161,93,148,2,1,39316356.257420,35,156,0,1,21707643.486665,33,116,2,1,22335901.536858,60,148,0,12,26273998.820152,13,172,0,1,20231421.995686,42,124,0,1,23577519.428034,
20,1552384024,0.000000,44,156,0,1,19491692.566868,5,152,0,1,23931145.379382,30,204,0,1,21619806.733247,15,148,0,1,21446261.176786,52,124,0,1,22289160.812588,7,132,0,1,24267084.511851,8,144,0,1,23842527.135925,28,188,0,1,20894858.063409,80,156,0,12,23528486.428074,78,136,0,12,24084313.424677,63,120,0,12,24777183.184741,86,172,0,12,24949451.917495,34,164,0,1,19382726.664742,43,172,0,1,19596285.819608,93,148,2,1,39316364.816752,35,156,0,1,21707521.518369,33,116,2,1,22336074.808795,60,148,0,12,26273898.673352,13,172,0,1,20231423.487680,42,124,0,1,23577684.533269,
20,1552384024,0.200000,44,156,0,1,19491637.345654,5,152,0,1,23931291.847785,30,204,0,1,21619908.912997,15,144,0,1,21446191.716195,52,124,0,1,22289123.163743,7,132,0,1,24267220.265820,8,144,0,1,23842595.113248,28,188,0,1,20894849.076547,80,156,0,12,23528473.192084,78,136,0,12,24084385.127621,63,120,0,12,24777129.656198,86,172,0,12,24949544.290222,34,164,0,1,19382750.946720,43,172,0,1,19596361.736780,93,152,2,1,39316373.437160,35,156,0,1,21707399.454095,33,116,2,1,22336244.189333,60,148,0,12,26273798.421851,13,172,0,1,20231424.927323,42,124,0,1,23577849.734481,
20,1552384024,0.400000,44,156,0,1,19491582.098265,5,156,0,1,23931438.063159,30,204,0,1,21620011.014221,15,144,0,1,21446122.229428,52,124,0,1,22289084.467886,7,132,0,1,24267356.072139,8,148,0,1,23842662.994595,28,184,0,1,20894840.028609,80,156,0,12,23528459.929919,78,136,0,12,24084456.978893,63,120,0,12,24777079.661324,86,172,0,12,24949637.142831,34,164,0,1,19382775.167623,43,172,0,1,19596437.496900,93,152,2,1,39316382.057567,35,156,0,1,21707277.398547,33,116,2,1,22336415.306169,60,144,0,12,26273698.275052,13,172,0,1,20231426.410591,42,124,0,1,23578014.717564,
20,1552384024,0.600000,44,156,0,1,19491526.877051,5,156,0,1,23931584.487936,30,204,0,1,21620113.220146,15,132,0,1,21446052.777561,52,120,0,1,22289045.571350,7,132,0,1,24267491.695232,8,148,0,1,23842730.875942,28,184,0,1,20894830.875970,80,156,0,12,23528446.746279,78,132,0,12,24084528.742913,63,120,0,12,24777032.170557,86,172,0,12,24949729.759861,34,164,0,1,19382799.493226,43,172,0,1,19596513.492599,93,152,2,1,39316390.669250,35,156,0,1,21707155.421525,33,120,2,1,22336586.623681,60,144,0,12,26273598.093352,13,176,0,1,20231428.059637,42,120,0,1,23578179.857700,
20,1552384024,0.800000,44,156,0,1,19491471.699462,5,156,0,1,23931730.712036,30,204,0,1,21620215.443521,15,132,0,1,21445983.360595,52,120,0,1,22289007.207047,7,132,0,1,24267627.396850,8,148,0,1,23842798.861990,28,184,0,1,20894821.941458,80,156,0,12,23528433.798218,78,132,0,12,24084600.620360,63,116,0,12,24776977.499025,86,172,0,12,24949822.062788,34,156,0,1,19382823.749029,43,172,0,1,19596589.339970,93,152,2,1,39316399.455434,35,156,0,1,21707033.339802,33,120,2,1,22336759.607690,60,144,0,12,26273498.251931,13,176,0,1,20231429.630156,42,120,0,1,23578344.962935,
20,1552384025,0.000000,44,156,0,1,19491416.504423,5,156,0,1,23931877.189164,30,204,0,1,21620317.701797,15,132,0,1,21445913.943629,52,120,0,1,22288970.247485,7,132,0,1,24267762.897791,8,148,0,1,23842866.926565,28,184,0,1,20894812.806269,80,156,0,12,23528420.701829,78,132,0,12,24084672.489082,63,116,0,12,24776930.078058,86,172,0,12,24949914.732170,34,156,0,1,19382847.996106,43,172,0,1,19596665.257142,93,152,2,1,39316407.944965,35,156,0,1,21706911.380230,33,124,2,1,22336931.850064,60,144,0,12,26273398.096406,13,176,0,1,20231431.165776,42,124,0,1,23578510.033270,
20,1552384025,0.200000,44,156,0,1,19491361.283209,5,156,0,1,23932023.701192,30,204,0,1,21620419.881547,15,136,0,1,21445844.456862,52,120,0,1,22288931.603978,7,132,0,1,24267898.459807,8,148,0,1,23842935.017314,28,184,0,1,20894803.836857,80,156,0,12,23528407.500739,78,132,0,12,24084744.436330,63,116,0,12,24776878.250911,86,172,0,12,24950007.139798,34,156,0,1,19382872.426411,43,172,0,1,19596741.069613,93,152,2,1,39316416.495572,35,156,0,1,21706789.359583,33,124,2,1,22337107.032800,60,144,0,12,26273297.827455,13,176,0,1,20231432.631594,42,124,0,1,23578675.199581,
20,1552384025,0.400000,44,156,0,1,19491306.070720,5,156,0,1,23932170.064893,30,204,0,1,21620522.192174,15,148,0,1,21445775.057346,52,120,0,1,22288893.745731,7,132,0,1,24268034.074174,8,148,0,1,23843002.985912,28,188,0,1,20894794.684218,80,160,0,12,23528394.299650,78,132,0,12,24084816.671506,63,116,0,12,24776825.935159,86,172,0,12,24950099.739378,34,160,0,1,19382896.638588,43,172,0,1,19596816.916985,93,144,2,1,39316424.950202,35,156,0,1,21706667.347660,33,120,2,1,22337278.952345,60,144,0,12,26273197.253125,13,172,0,1,20231434.071237,42,124,0,1,23578840.243740,
20,1552384025,0.600000,44,156,0,1,19491250.875682,5,152,0,1,23932316.280267,30,204,0,1,21620624.433000,15,148,0,1,21445705.727631,52,120,0,1,22288854.971347,7,132,0,1,24268169.583840,8,148,0,1,23843070.928335,28,184,0,1,20894785.653731,80,152,0,12,23528380.924058,78,136,0,12,24084888.671104,63,120,0,12,24776784.499617,86,172,0,12,24950192.225532,34,160,0,1,19382920.885666,43,172,0,1,19596892.842882,93,144,2,1,39316433.439733,35,156,0,1,21706545.379363,33,120,2,1,22337450.898066,60,148,0,12,26273097.115051,13,172,0,1,20231435.545780,42,124,0,1,23579005.348975,
20,1552384025,0.800000,44,156,0,1,19491195.680643,5,152,0,1,23932462.862096,30,204,0,1,21620726.708726,15,148,0,1,21445636.310664,52,120,0,1,22288815.970110,7,128,0,1,24268305.110956,8,148,0,1,23843138.914383,28,184,0,1,20894776.623243,80,152,0,12,23528367.740418,78,136,0,12,24084960.731779,63,120,0,12,24776738.038412,86,172,0,12,24950284.493558,34,160,0,1,19382945.272345,43,172,0,1,19596968.751329,93,144,2,1,39316442.016515,35,156,0,1,21706423.454692,33,120,2,1,22337621.229641,60,148,0,12,26272996.837374,13,172,0,1,20231437.116300,42,124,0,1,23579170.419310,
20,1552384026,0.000000,44,156,0,1,19491140.503054,5,152,0,1,23932609.321774,30,204,0,1,21620829.054253,15,148,0,1,21445566.893698,52,120,0,1,22288776.279590,7,128,0,1,24268440.716598,8,148,0,1,23843206.961507,28,184,0,1,20894767.461879,80,152,0,12,23528354.530603,78,136,0,12,24085032.740102,63,124,0,12,24776680.923849,86,172,0,12,24950376.927362,34,160,0,1,19382969.554323,43,172,0,1,19597044.668501,93,144,2,1,39316450.654373,35,156,0,1,21706301.338068,33,116,2,1,22337792.887433,60,148,0,12,26272896.437547,13,172,0,1,20231438.617019,42,120,0,1,23579335.201716,
20,1552384026,0.200000,44,156,0,1,19491085.299291,5,152,0,1,23932755.729101,30,204,0,1,21620931.295079,15,148,0,1,21445497.529083,52,120,0,1,22288738.046163,7,128,0,1,24268576.287340,8,148,0,1,23843274.860305,28,184,0,1,20894758.283064,80,160,0,12,23528341.791944,78,136,0,12,24085104.565198,63,124,0,12,24776634.785473,86,172,0,12,24950469.404791,34,160,0,1,19382993.975903,43,172,0,1,19597120.568224,93,144,2,1,39316459.309681,35,156,0,1,21706179.282520,33,116,1,1,22337965.932517,60,148,0,12,26272795.915567,13,168,0,1,20231440.013036,42,120,0,1,23579500.490178,
20,1552384026,0.400000,44,156,0,1,19491030.051901,5,152,0,1,23932902.153878,30,204,0,1,21621033.553355,15,148,0,1,21445428.181917,52,120,0,1,22288701.496682,7,128,0,1,24268711.858082,8,148,0,1,23843342.846353,28,188,0,1,20894749.174050,80,160,0,12,23528328.983485,78,136,0,12,24085176.486271,63,124,0,12,24776586.090641,86,172,0,12,24950561.873494,34,160,0,1,19383018.327682,43,172,0,1,19597196.494121,93,144,2,1,39316467.973714,35,156,0,1,21706057.288048,33,116,0,1,22338139.091028,60,148,0,12,26272695.594265,13,168,0,1,20231441.426504,42,120,0,1,23579664.530950,
20,1552384026,0.600000,44,156,0,1,19490974.821962,5,152,0,1,23933048.613555,30,204,0,1,21621135.898882,15,148,0,1,21445358.895828,52,120,0,1,22288664.737798,7,128,0,1,24268847.516074,8,148,0,1,23843410.954553,28,188,0,1,20894740.143563,80,160,0,12,23528315.965622,78,136,0,12,24085248.363718,63,124,0,12,24776528.199543,86,172,0,12,24950654.254947,34,160,0,1,19383042.688186,43,172,0,1,19597272.420018,93,144,2,1,39316476.471970,35,156,0,1,21705935.223775,33,116,0,1,22338312.040136,60,148,0,12,26272595.377665,13,168,0,1,20231442.944673,42,120,0,1,23579829.208655,
20,1552384026,0.800000,44,156,0,1,19490919.626923,5,152,0,1,23933194.881280,30,204,0,1,21621238.209508,15,148,0,1,21445289.662089,52,120,0,1,22288626.923176,7,128,0,1,24268983.296219,8,152,0,1,23843478.888250,28,188,0,1,20894731.113075,80,152,0,12,23528302.712182,78,136,0,12,24085320.023037,63,128,0,12,24776481.904116,86,172,0,12,24950746.749826,34,160,0,1,19383067.057415,43,172,0,1,19597348.276115,93,144,2,1,39316485.153453,35,156,0,1,21705813.203128,33,116,0,1,22338482.589839,60,148,0,12,26272495.056363,13,172,0,1,20231444.637344,42,120,0,1,23579996.076362,
20,1552384027,0.000000,44,156,0,1,19490864.370809,5,152,0,1,23933341.210081,30,204,0,1,21621340.275832,15,148,0,1,21445220.271298,52,120,0,1,22288587.913215,7,128,0,1,24269118.832060,8,152,0,1,23843546.926649,28,188,0,1,20894721.969161,80,152,0,12,23528289.502367,78,136,0,12,24085392.031360,63,124,0,12,24776434.256296,86,172,0,12,24950839.349407,34,160,0,1,19383091.278317,43,172,0,1,19597424.297988,93,144,2,1,39316493.573184,35,148,0,1,21705691.226106,33,116,0,1,22338654.928189,60,148,0,12,26272394.604185,13,172,0,1,20231446.103162,42,120,0,1,23580159.488926,
20,1552384027,0.200000,44,156,0,1,19490809.236846,5,152,0,1,23933487.538882,30,204,0,1,21621442.551558,15,140,0,1,21445150.749631,52,120,0,1,22288551.677838,7,128,0,1,24269254.490052,8,152,0,1,23843614.956323,28,188,0,1,20894713.052100,80,160,0,12,23528276.493230,78,136,0,12,24085464.004783,63,124,0,12,24776392.663702,86,172,0,12,24950931.469106,34,160,0,1,19383115.595195,43,172,0,1,19597500.223886,93,148,2,1,39316502.097615,35,152,0,1,21705569.275259,33,116,0,1,22338824.867135,60,148,0,12,26272294.282883,13,172,0,1,20231447.682407,42,120,0,1,23580324.376034,
20,1552384027,0.400000,44,156,0,1,19490753.989457,5,152,0,1,23933633.867683,30,204,0,1,21621544.705133,15,140,0,1,21445081.411190,52,124,0,1,22288513.933017,7,124,0,1,24269390.278922,8,152,0,1,23843683.020898,28,184,0,1,20894703.995437,80,160,0,12,23528263.580069,78,136,0,12,24085535.890955,63,124,0,12,24776344.082296,86,172,0,12,24951023.763308,34,160,0,1,19383139.859723,43,172,0,1,19597576.141058,93,148,2,1,39316510.840174,35,148,0,1,21705447.402938,33,120,0,1,22338997.057158,60,148,0,12,26272194.005207,13,176,0,1,20231449.375078,42,124,0,1,23580490.231628,
20,1552384027,0.600000,44,156,0,1,19490698.742067,5,152,0,1,23933780.126683,30,204,0,1,21621646.832532,15,140,0,1,21445012.081475,52,124,0,1,22288478.046644,7,124,0,1,24269526.050341,8,152,0,1,23843751.033121,28,184,0,1,20894695.017300,80,156,0,12,23528250.300453,78,136,0,12,24085607.995255,63,120,0,12,24776289.663792,86,172,0,12,24951116.441414,34,168,0,1,19383164.246402,43,172,0,1,19597652.058230,93,148,2,1,39316519.460582,35,148,0,1,21705325.469542,33,120,0,1,22339170.686825,60,144,0,12,26272093.744981,13,176,0,1,20231450.963048,42,124,0,1,23580654.071722,
20,1552384027,0.800000,44,156,0,1,19490643.477228,5,152,0,1,23933926.534010,30,204,0,1,21621748.942481,15,136,0,1,21444942.795386,52,124,0,1,22288438.774929,7,128,0,1,24269661.577457,8,152,0,1,23843819.010444,28,184,0,1,20894685.978087,80,152,0,12,23528236.732909,78,132,0,12,24085680.125730,63,120,0,12,24776240.148799,86,172,0,12,24951208.753066,34,168,0,1,19383188.624357,43,172,0,1,19597728.149905,93,148,2,1,39316528.046089,35,148,0,1,21705203.422719,33,132,0,1,22339343.583582,60,144,0,12,26271993.746508,13,176,0,1,20231452.568468,42,120,0,1,23580820.101819,
20,1552384028,0.000000,44,156,0,1,19490588.247289,5,152,0,1,23934072.740659,30,204,0,1,21621851.130956,15,136,0,1,21444873.404595,52,124,0,1,22288401.946244,7,128,0,1,24269797.235450,8,152,0,1,23843887.040118,28,184,0,1,20894676.895248,80,152,0,12,23528223.680146,78,132,0,12,24085752.360906,63,120,0,12,24776186.105475,86,172,0,12,24951301.500973,34,168,0,1,19383213.037211,43,172,0,1,19597804.084527,93,148,2,1,39316536.762472,35,148,0,1,21705081.384621,33,132,0,1,22339517.213249,60,140,0,12,26271893.512457,13,176,0,1,20231453.999385,42,120,0,1,23580985.058727,
20,1552384028,0.200000,44,156,0,1,19490533.026075,5,156,0,1,23934219.366114,30,204,0,1,21621953.406682,15,136,0,1,21444803.987629,52,120,0,1,22288364.332300,7,124,0,1,24269933.041769,8,152,0,1,23843955.165768,28,184,0,1,20894667.978187,80,152,0,12,23528210.636108,78,132,0,12,24085824.395405,63,120,0,12,24776137.681121,86,172,0,12,24951394.205255,34,168,0,1,19383237.406440,43,172,0,1,19597880.150026,93,148,2,1,39316545.173477,35,144,0,1,21704959.468675,33,132,0,1,22339690.153631,60,140,0,12,26271793.217331,13,176,0,1,20231455.500104,42,120,0,1,23581147.886709,
20,1552384028,0.400000,44,156,0,1,19490477.708884,5,156,0,1,23934365.773440,30,204,0,1,21622055.656233,15,136,0,1,21444734.640464,52,120,0,1,22288327.067360,7,124,0,1,24270068.708487,8,152,0,1,23844023.212892,28,184,0,1,20894658.886624,80,152,0,12,23528197.635696,78,132,0,12,24085896.220501,63,120,0,12,24776088.855411,86,172,0,12,24951486.551807,34,168,0,1,19383261.740769,43,172,0,1,19597956.093374,93,148,2,1,39316553.636833,35,144,0,1,21704837.482928,33,132,0,1,22339861.087239,60,140,0,12,26271692.712802,13,176,0,1,20231456.887396,42,120,0,1,23581312.922143,
20,1552384028,0.600000,44,152,0,1,19490422.548746,5,156,0,1,23934512.172042,30,204,0,1,21622157.801083,15,136,0,1,21444665.415450,52,124,0,1,22288288.956084,7,124,0,1,24270204.410105,8,152,0,1,23844091.399618,28,184,0,1,20894649.969562,80,148,0,12,23528184.425881,78,128,0,12,24085968.036873,63,120,0,12,24776034.096628,86,172,0,12,24951579.116487,34,168,0,1,19383286.171074,43,172,0,1,19598032.106522,93,148,2,1,39316562.135089,35,144,0,1,21704715.505906,33,132,0,1,22340033.634992,60,136,0,12,26271592.330424,13,180,0,1,20231458.449191,42,120,0,1,23581476.038054,
20,1552384028,0.800000,44,152,0,1,19490367.301357,5,156,0,1,23934658.684070,30,204,0,1,21622260.233861,15,136,0,1,21444596.199161,52,124,0,1,22288250.469629,7,124,0,1,24270339.928496,8,152,0,1,23844159.429292,28,184,0,1,20894641.131027,80,148,0,12,23528171.041564,78,128,0,12,24086039.765993,63,120,0,12,24775980.515735,86,172,0,12,24951671.358338,34,168,0,1,19383310.592653,43,172,0,1,19598108.006245,93,148,2,1,39316570.615895,35,144,0,1,21704593.520159,33,132,0,1,22340205.318960,60,136,0,12,26271492.026573,13,180,0,1,20231459.731782,42,120,0,1,23581641.029863,
20,1552384029,0.000000,44,152,0,1,19490312.115043,5,156,0,1,23934805.135023,30,204,0,1,21622362.570663,15,136,0,1,21444526.878171,52,124,0,1,22288212.524131,7,124,0,1,24270475.551589,8,152,0,1,23844227.650918,28,184,0,1,20894632.135440,80,148,0,12,23528158.058602,78,128,0,12,24086111.774316,63,120,0,12,24775930.337633,86,172,0,12,24951764.018994,34,168,0,1,19383334.970608,43,172,0,1,19598184.036843,93,148,2,1,39316579.044350,35,144,0,1,21704471.551862,33,132,0,1,22340377.884163,60,136,0,12,26271391.626745,13,180,0,1,20231461.284851,42,120,0,1,23581805.498165,
20,1552384029,0.200000,44,152,0,1,19490256.954905,5,156,0,1,23934951.847728,30,204,0,1,21622464.951090,15,136,0,1,21444457.487380,52,124,0,1,22288173.226240,7,124,0,1,24270611.157231,8,152,0,1,23844295.863819,28,184,0,1,20894623.209654,80,148,0,12,23528144.691735,78,128,0,12,24086184.026943,63,120,0,12,24775881.494474,86,172,0,12,24951856.522599,34,164,0,1,19383359.444538,43,172,0,1,19598260.015091,93,148,0,1,39316587.708383,35,144,0,1,21704349.443963,33,132,0,1,22340548.756695,60,136,0,12,26271291.244367,13,180,0,1,20231462.916447,42,120,0,1,23581971.249058,
20,1552384029,0.400000,44,152,0,1,19490201.768591,5,156,0,1,23935098.159079,30,204,0,1,21622567.410044,15,140,0,1,21444388.175115,52,124,0,1,22288134.652534,7,124,0,1,24270746.719247,8,152,0,1,23844363.980744,28,184,0,1,20894614.292592,80,148,0,12,23528131.691323,78,128,0,12,24086255.799688,63,124,0,12,24775828.969319,86,172,0,12,24951948.938952,34,168,0,1,19383383.918468,43,172,0,1,19598335.967164,93,148,0,1,39316596.119388,35,144,0,1,21704227.589093,33,132,0,1,22340721.033969,60,136,0,12,26271191.036492,13,180,0,1,20231464.452066,42,124,0,1,23582136.624771,
20,1552384029,0.600000,44,152,0,1,19490146.521202,5,152,0,1,23935244.531505,30,204,0,1,21622669.685770,15,140,0,1,21444318.897751,52,124,0,1,22288098.111778,7,124,0,1,24270882.333614,8,152,0,1,23844432.245996,28,184,0,1,20894605.270830,80,156,0,12,23528118.717086,78,128,0,12,24086327.546258,63,124,0,12,24775776.758267,86,172,0,12,24952041.573433,34,164,0,1,19383408.278972,43,172,0,1,19598411.962862,93,148,0,1,39316604.713620,35,144,0,1,21704105.603346,33,128,0,1,22340892.011203,60,136,0,12,26271090.767541,13,180,0,1,20231466.057486,42,120,0,1,23582302.986422,
20,1552384029,0.800000,44,152,0,1,19490091.448315,5,152,0,1,23935390.947557,30,204,0,1,21622771.874245,15,144,0,1,21444249.646562,52,124,0,1,22288063.254968,7,124,0,1,24271018.043958,8,152,0,1,23844500.389097,28,184,0,1,20894596.397394,80,156,0,12,23528105.515996,78,128,0,12,24086399.266653,63,124,0,12,24775727.871482,86,172,0,12,24952134.129388,34,164,0,1,19383432.656927,43,172,0,1,19598487.967286,93,148,0,1,39316613.403829,35,144,0,1,21703983.600148,33,112,0,1,22341062.857560,60,136,0,12,26270990.324087,13,180,0,1,20231467.872309,42,120,0,1,23582468.990344,
20,1552384030,0.000000,44,152,0,1,19490036.227101,5,152,0,1,23935537.459585,30,204,0,1,21622874.149971,15,144,0,1,21444180.482624,52,124,0,1,22288026.400108,7,124,0,1,24271153.893903,8,156,0,1,23844568.567097,28,184,0,1,20894587.532683,80,156,0,12,23528092.157855,78,128,0,12,24086471.458204,63,124,0,12,24775674.159712,86,172,0,12,24952226.414864,34,164,0,1,19383457.095956,43,172,0,1,19598563.858283,93,148,0,1,39316622.024236,35,144,0,1,21703861.605676,33,132,0,1,22341236.661728,60,136,0,12,26270890.212188,13,180,0,1,20231469.626055,42,120,0,1,23582634.025778,
20,1552384030,0.200000,44,152,0,1,19489981.084413,5,152,0,1,23935683.945438,30,204,0,1,21622976.382072,15,144,0,1,21444111.205259,52,124,0,1,22287989.196244,7,128,0,1,24271289.630421,8,156,0,1,23844636.745098,28,184,0,1,20894578.537096,80,156,0,12,23528078.817163,78,124,0,12,24086543.483978,63,124,0,12,24775621.556031,86,176,0,12,24952319.110421,34,164,0,1,19383481.561162,43,164,0,1,19598639.853981,93,144,0,1,39316630.618469,35,152,0,1,21703739.715905,33,128,0,1,22341410.762551,60,136,0,12,26270789.882161,13,180,0,1,20231471.275101,42,124,0,1,23582798.747108,
20,1552384030,0.400000,44,152,0,1,19489925.828298,5,152,0,1,23935830.387666,30,204,0,1,21623078.736324,15,152,0,1,21444042.015146,52,128,0,1,22287952.472261,7,128,0,1,24271425.253514,8,156,0,1,23844704.862023,28,184,0,1,20894569.602585,80,156,0,12,23528065.799301,78,128,0,12,24086615.509752,63,124,0,12,24775575.121001,86,176,0,12,24952411.797252,34,164,0,1,19383505.939116,43,164,0,1,19598715.814779,93,144,0,1,39316639.003298,35,152,0,1,21703617.703983,33,128,0,1,22341581.399505,60,136,0,12,26270689.525959,13,176,0,1,20231473.002673,42,124,0,1,23582966.016170,
20,1552384030,0.600000,44,152,0,1,19489870.668160,5,152,0,1,23935976.934594,30,204,0,1,21623181.073126,15,152,0,1,21443972.859933,52,128,0,1,22287914.779791,7,128,0,1,24271561.007483,8,156,0,1,23844772.944047,28,184,0,1,20894560.563372,80,156,0,12,23528052.982116,78,128,0,12,24086687.657677,63,124,0,12,24775522.150865,86,176,0,12,24952504.510259,34,164,0,1,19383530.343245,43,172,0,1,19598791.758126,93,144,0,1,39316647.597530,35,152,0,1,21703495.683335,33,128,0,1,22341750.047134,60,140,0,12,26270589.396610,13,176,0,1,20231474.721519,42,124,0,1,23583132.020092,
20,1552384030,0.800000,44,152,0,1,19489815.551647,5,152,0,1,23936123.394272,30,204,0,1,21623283.322677,15,152,0,1,21443903.504043,52,128,0,1,22287876.747041,7,128,0,1,24271696.770177,8,156,0,1,23844841.122048,28,188,0,1,20894551.550334,80,156,0,12,23528039.929353,78,128,0,12,24086759.447873,63,128,0,12,24775470.917026,86,172,0,12,24952597.040039,34,164,0,1,19383554.703749,43,172,0,1,19598867.797450,93,144,0,1,39316656.139412,35,152,0,1,21703373.688863,33,128,0,1,22341924.095606,60,148,0,12,26270488.865905,13,172,0,1,20231476.379290,42,124,0,1,23583297.168952,
20,1552384031,0.000000,44,148,0,1,19489760.269357,5,152,0,1,23936269.757973,30,204,0,1,21623385.598403,15,152,0,1,21443834.174328,52,128,0,1,22287838.749192,7,128,0,1,24271832.567771,8,156,0,1,23844909.509451,28,192,0,1,20894542.502397,80,160,0,12,23528027.033642,78,128,0,12,24086831.194443,63,128,0,12,24775423.478609,86,172,0,12,24952689.238264,34,164,0,1,19383579.177680,43,172,0,1,19598943.854224,93,144,0,1,39316664.759820,35,152,0,1,21703251.694391,33,128,0,1,22342094.278855,60,148,0,12,26270388.762731,13,164,0,1,20231478.106861,42,124,0,1,23583462.082235,
20,1552384031,0.200000,44,148,0,1,19489705.213920,5,152,0,1,23936416.226376,30,204,0,1,21623487.786878,15,152,0,1,21443764.827162,52,128,0,1,22287801.170148,7,128,0,1,24271968.164688,8,156,0,1,23844977.600201,28,188,0,1,20894533.585335,80,160,0,12,23528013.876178,78,128,0,12,24086903.194041,63,128,0,12,24775371.808514,86,172,0,12,24952781.768044,34,164,0,1,19383603.625435,43,172,0,1,19599019.815022,93,144,0,1,39316673.310426,35,152,0,1,21703129.647568,33,128,0,1,22342267.227963,60,148,0,12,26270288.467605,13,164,0,1,20231479.747182,42,124,0,1,23583628.164683,
20,1552384031,0.400000,44,148,0,1,19489650.088682,5,152,0,1,23936562.537726,30,204,0,1,21623590.088779,15,152,0,1,21443695.567248,52,128,0,1,22287763.093773,7,128,0,1,24272104.058259,8,156,0,1,23845045.821827,28,188,0,1,20894524.685724,80,160,0,12,23528000.771064,78,128,0,12,24086974.975512,63,128,0,12,24775322.755952,86,172,0,12,24952874.280373,34,164,0,1,19383627.985939,43,172,0,1,19599095.810720,93,144,0,1,39316681.930834,35,152,0,1,21703007.618195,33,128,0,1,22342441.110657,60,148,0,12,26270188.146303,13,164,0,1,20231481.335152,42,124,0,1,23583793.950476,
20,1552384031,0.600000,44,148,0,1,19489594.884919,5,152,0,1,23936708.971228,30,204,0,1,21623692.355781,15,156,0,1,21443626.254983,52,128,0,1,22287724.886521,7,132,0,1,24272239.803503,8,156,0,1,23845113.851501,28,188,0,1,20894515.821014,80,160,0,12,23527987.805553,78,128,0,12,24087047.306664,63,128,0,12,24775272.996656,86,172,0,12,24952966.757802,34,160,0,1,19383652.486045,43,172,0,1,19599171.788968,93,144,0,1,39316690.376739,35,152,0,1,21702885.684799,33,128,0,1,22342614.051040,60,148,0,12,26270087.955878,13,164,0,1,20231483.036548,42,124,0,1,23583959.395991,
20,1552384031,0.800000,44,148,0,1,19489539.681155,5,152,0,1,23936855.326205,30,204,0,1,21623794.727483,15,156,0,1,21443556.995069,52,128,0,1,22287687.228951,7,132,0,1,24272375.540021,8,156,0,1,23845182.020777,28,188,0,1,20894507.026104,80,160,0,12,23527974.674264,78,128,0,12,24087119.472040,63,128,0,12,24775222.827280,86,172,0,12,24953059.182880,34,160,0,1,19383676.951250,43,168,0,1,19599247.828292,93,144,0,1,39316698.700493,35,152,0,1,21702763.829928,33,128,0,1,22342785.307477,60,148,0,12,26269987.931230,13,164,0,1,20231484.641968,42,124,0,1,23584124.675728,
20,1552384032,0.000000,44,148,0,1,19489484.625718,5,152,0,1,23937001.777157,30,204,0,1,21623897.029384,15,156,0,1,21443487.866032,52,128,0,1,22287649.990187,7,132,0,1,24272511.110763,8,156,0,1,23845249.954474,28,188,0,1,20894497.864740,80,160,0,12,23527961.438274,78,128,0,12,24087191.419288,63,132,0,12,24775172.954558,86,172,0,12,24953151.555608,34,160,0,1,19383701.416455,43,168,0,1,19599323.841440,93,144,0,1,39316707.163849,35,152,0,1,21702641.913982,33,128,0,1,22342958.300211,60,148,0,12,26269887.836781,13,164,0,1,20231486.151412,42,120,0,1,23584291.299132,
20,1552384032,0.200000,44,148,0,1,19489429.448129,5,152,0,1,23937148.201934,30,204,0,1,21623999.322561,15,156,0,1,21443418.798070,52,128,0,1,22287612.882299,7,132,0,1,24272646.890907,8,156,0,1,23845318.158650,28,188,0,1,20894488.808077,80,160,0,12,23527948.446586,78,128,0,12,24087263.383986,63,132,0,12,24775124.059048,86,172,0,12,24953243.780009,34,160,0,1,19383725.951461,43,168,0,1,19599399.872039,93,144,0,1,39316715.592304,35,152,0,1,21702520.032936,33,128,0,1,22343131.223143,60,148,0,12,26269787.480579,13,164,0,1,20231487.774282,42,120,0,1,23584457.294328,
20,1552384032,0.400000,44,148,0,1,19489374.366517,5,152,0,1,23937294.556910,30,204,0,1,21624101.842590,15,156,0,1,21443349.546881,52,128,0,1,22287575.207278,7,132,0,1,24272782.609976,8,156,0,1,23845386.188324,28,188,0,1,20894479.821214,80,160,0,12,23527935.524700,78,132,0,12,24087335.531911,63,132,0,12,24775075.067562,86,172,0,12,24953336.266163,34,160,0,1,19383750.338140,43,168,0,1,19599475.911363,93,144,0,1,39316724.212711,35,152,0,1,21702398.151890,33,128,0,1,22343303.256115,60,148,0,12,26269687.368680,13,164,0,1,20231489.327351,42,120,0,1,23584622.931795,
20,1552384032,0.600000,44,148,0,1,19489319.345980,5,152,0,1,23937441.060213,30,204,0,1,21624204.031065,15,156,0,1,21443280.269516,52,128,0,1,22287537.427557,7,132,0,1,24272918.337769,8,156,0,1,23845454.383775,28,188,0,1,20894470.764551,80,160,0,12,23527922.218909,78,132,0,12,24087407.531509,63,132,0,12,24775024.767309,86,172,0,12,24953429.040245,34,160,0,1,19383774.846971,43,168,0,1,19599551.845985,93,144,0,1,39316732.780768,35,152,0,1,21702276.174868,33,128,0,1,22343475.323987,60,148,0,12,26269587.073553,13,164,0,1,20231491.011297,42,120,0,1,23584788.080656,
20,1552384032,0.800000,44,148,0,1,19489264.185842,5,152,0,1,23937587.441365,30,204,0,1,21624306.428943,15,156,0,1,21443211.035777,52,128,0,1,22287501.331782,7,132,0,1,24273054.117913,8,156,0,1,23845522.701378,28,188,0,1,20894461.873665,80,160,0,12,23527909.122521,78,132,0,12,24087480.133140,63,132,0,12,24774975.452994,86,172,0,12,24953521.360622,34,160,0,1,19383799.242376,43,168,0,1,19599627.876584,93,144,0,1,39316741.270299,35,152,0,1,21702154.267647,33,128,0,1,22343646.257595,60,144,0,12,26269486.944204,13,164,0,1,20231492.747594,42,124,0,1,23584953.840274,
20,1552384033,0.000000,44,148,0,1,19489209.008254,5,148,0,1,23937733.892317,30,204,0,1,21624408.739569,15,156,0,1,21443141.775863,52,128,0,1,22287464.965528,7,132,0,1,24273189.985309,8,156,0,1,23845591.228383,28,188,0,1,20894453.096206,80,156,0,12,23527895.999957,78,132,0,12,24087552.411942,63,132,0,12,24774925.109115,86,172,0,12,24953613.890402,34,160,0,1,19383823.690131,43,168,0,1,19599703.959533,93,144,0,1,39316749.742380,35,152,0,1,21702032.342976,33,128,0,1,22343818.918774,60,144,0,12,26269386.683978,13,164,0,1,20231494.318114,42,124,0,1,23585119.905271,
20,1552384033,0.200000,44,148,0,1,19489153.804490,5,148,0,1,23937880.474146,30,204,0,1,21624510.910594,15,156,0,1,21443072.603200,52,128,0,1,22287427.962341,7,132,0,1,24273325.590951,8,156,0,1,23845659.345308,28,188,0,1,20894444.126794,80,156,0,12,23527882.929744,78,132,0,12,24087624.603493,63,132,0,12,24774875.053166,86,172,0,12,24953706.498707,34,160,0,1,19383848.260037,43,168,0,1,19599779.894156,93,144,0,1,39316758.380238,35,156,0,1,21701910.418305,33,128,0,1,22343992.024934,60,144,0,12,26269286.371401,13,164,0,1,20231495.906083,42,124,0,1,23585285.699790,
20,1552384033,0.400000,44,148,0,1,19489098.749053,5,148,0,1,23938026.890198,30,204,0,1,21624613.360823,15,156,0,1,21443003.378186,52,128,0,1,22287389.676563,7,132,0,1,24273461.283844,8,156,0,1,23845727.758886,28,188,0,1,20894435.305709,80,156,0,12,23527869.903156,78,136,0,12,24087696.925920,63,132,0,12,24774825.014667,86,172,0,12,24953799.080837,34,160,0,1,19383872.725243,43,168,0,1,19599855.959655,93,144,0,1,39316766.930844,35,156,0,1,21701788.458733,33,128,0,1,22344164.642488,60,144,0,12,26269185.936673,13,164,0,1,20231497.494053,42,124,0,1,23585448.318369,
20,1552384033,0.600000,44,148,0,1,19489043.649990,5,148,0,1,23938173.323700,30,204,0,1,21624715.758700,15,156,0,1,21442934.048471,52,128,0,1,22287354.296247,7,132,0,1,24273597.011637,8,156,0,1,23845796.155015,28,188,0,1,20894426.275221,80,156,0,12,23527856.894019,78,136,0,12,24087768.846993,63,132,0,12,24774775.019793,86,172,0,12,24953891.584442,34,160,0,1,19383897.303874,43,168,0,1,19599931.964078,93,144,0,1,39316775.437826,35,156,0,1,21701666.560237,33,128,0,1,22344336.553308,60,144,0,12,26269085.711347,13,164,0,1,20231499.230350,42,124,0,1,23585613.563206,
20,1552384033,0.800000,44,148,0,1,19488988.454952,5,148,0,1,23938320.010231,30,204,0,1,21624818.051877,15,156,0,1,21442864.614055,52,128,0,1,22287316.699753,7,136,0,1,24273732.652180,8,156,0,1,23845864.376641,28,188,0,1,20894417.384335,80,156,0,12,23527843.832531,78,136,0,12,24087841.055994,63,132,0,12,24774724.832966,86,172,0,12,24953984.323624,34,160,0,1,19383921.821430,43,168,0,1,19600007.994677,93,144,0,1,39316784.058233,35,152,0,1,21701544.810068,33,128,0,1,22344508.507754,60,144,0,12,26268985.747775,13,164,0,1,20231500.949196,42,124,0,1,23585777.586527,
20,1552384034,0.000000,44,148,0,1,19488933.399515,5,148,0,1,23938466.469908,30,204,0,1,21624920.327603,15,156,0,1,21442795.336690,52,128,0,1,22287281.057683,7,136,0,1,24273868.633002,8,156,0,1,23845932.833845,28,188,0,1,20894408.467274,80,156,0,12,23527830.962995,78,136,0,12,24087913.099218,63,132,0,12,24774674.986420,86,172,0,12,24954076.844678,34,160,0,1,19383946.338986,43,168,0,1,19600084.051451,93,144,0,1,39316792.591390,35,152,0,1,21701422.867946,33,128,0,1,22344681.081682,60,144,0,12,26268885.391573,13,164,0,1,20231502.589517,42,124,0,1,23585944.209932,
20,1552384034,0.200000,44,148,0,1,19488878.335353,5,148,0,1,23938613.095363,30,204,0,1,21625022.681855,15,156,0,1,21442726.137852,52,128,0,1,22287243.801468,7,136,0,1,24274004.395696,8,156,0,1,23846000.898420,28,188,0,1,20894399.585113,80,156,0,12,23527817.770631,78,136,0,12,24087985.395470,63,132,0,12,24774624.921745,86,172,0,12,24954169.601311,34,160,0,1,19383970.865267,43,168,0,1,19600160.195476,93,144,0,1,39316801.246698,35,152,0,1,21701300.978175,33,128,0,1,22344852.791825,60,144,0,12,26268785.174972,13,164,0,1,20231504.360714,42,124,0,1,23586110.772260,
20,1552384034,0.400000,44,148,0,1,19488823.297366,5,148,0,1,23938759.546315,30,204,0,1,21625125.071008,15,156,0,1,21442656.939014,52,128,0,1,22287206.396927,7,136,0,1,24274140.167115,8,156,0,1,23846069.198572,28,188,0,1,20894390.676777,80,156,0,12,23527804.787669,78,136,0,12,24088057.840049,63,132,0,12,24774574.813445,86,172,0,12,24954262.078740,34,160,0,1,19383995.295572,43,168,0,1,19600236.191175,93,144,0,1,39316809.884555,35,152,0,1,21701179.132030,33,128,0,1,22345023.899935,60,144,0,12,26268685.036898,13,164,0,1,20231506.227887,42,124,0,1,23586277.666142,
20,1552384034,0.600000,44,148,0,1,19488768.337905,5,148,0,1,23938906.032168,30,204,0,1,21625227.521236,15,156,0,1,21442587.574398,52,128,0,1,22287168.643380,7,136,0,1,24274275.973434,8,156,0,1,23846137.455098,28,188,0,1,20894381.812066,80,156,0,12,23527791.900683,78,136,0,12,24088129.970524,63,132,0,12,24774524.687694,86,172,0,12,24954354.748121,34,160,0,1,19384019.647351,43,168,0,1,19600312.247949,93,144,0,1,39316818.470063,35,152,0,1,21701057.268434,33,128,0,1,22345195.426850,60,144,0,12,26268584.663245,13,164,0,1,20231507.920558,42,124,0,1,23586443.198908,
20,1552384034,0.800000,44,148,0,1,19488713.160317,5,148,0,1,23939052.422044,30,204,0,1,21625329.945289,15,156,0,1,21442518.314484,52,128,0,1,22287131.134137,7,136,0,1,24274411.753579,8,156,0,1,23846205.755251,28,188,0,1,20894372.868830,80,156,0,12,23527778.839195,78,136,0,12,24088201.961397,63,132,0,12,24774474.509593,86,172,0,12,24954447.216825,34,160,0,1,19384044.182357,43,168,0,1,19600388.252372,93,144,0,1,39316826.924693,35,152,0,1,21700935.422289,33,132,0,1,22345366.360458,60,144,0,12,26268484.586246,13,164,0,1,20231509.639405,42,124,0,1,23586608.426295,
20,1552384035,0.000000,44,148,0,1,19488658.209581,5,148,0,1,23939198.733395,30,204,0,1,21625432.247190,15,156,0,1,21442449.290148,52,128,0,1,22287093.467842,7,136,0,1,24274547.647149,8,156,0,1,23846273.941976,28,188,0,1,20894364.152446,80,156,0,12,23527765.969659,78,136,0,12,24088274.144223,63,132,0,12,24774424.532169,86,176,0,12,24954539.842581,34,160,0,1,19384068.795889,43,168,0,1,19600464.291696,93,144,0,1,39316835.300798,35,152,0,1,21700813.488892,33,132,0,1,22345537.930999,60,144,0,12,26268384.230044,13,164,0,1,20231511.332076,42,124,0,1,23586774.185913,
20,1552384035,0.200000,44,148,0,1,19488603.215220,5,148,0,1,23939345.271598,30,204,0,1,21625534.636343,15,156,0,1,21442380.012783,52,132,0,1,22287054.379355,7,136,0,1,24274683.313867,8,156,0,1,23846342.224679,28,188,0,1,20894355.340086,80,156,0,12,23527752.829646,78,136,0,12,24088346.309598,63,132,0,12,24774374.659447,86,176,0,12,24954632.136782,34,160,0,1,19384093.461772,43,168,0,1,19600540.392095,93,144,0,1,39316843.973556,35,152,0,1,21700691.642747,33,132,0,1,22345710.077397,60,144,0,12,26268283.969818,13,164,0,1,20231512.902595,42,128,0,1,23586939.448200,
21,1552384035,0.400000,44,148,0,1,19488548.072532,5,148,0,1,23939491.844702,30,204,0,1,21625636.938245,15,156,0,1,21442310.604542,52,132,0,1,22287015.273417,7,136,0,1,24274819.207438,8,156,0,1,23846410.507381,28,188,0,1,20894346.318324,80,156,0,12,23527739.768158,78,132,0,12,24088418.335372,63,132,0,12,24774324.786725,86,176,0,12,24954724.910865,34,160,0,1,19384117.787375,43,168,0,1,19600616.501220,93,144,0,1,39316852.489262,35,152,0,1,21700569.814052,33,132,0,1,22345881.831165,60,144,0,12,26268183.665967,13,164,0,1,20231514.682518,42,128,0,1,23587106.115230,24,68,0,1,24821983.453523,
21,1552384035,0.600000,44,148,0,1,19488492.982194,5,148,0,1,23939638.295655,30,204,0,1,21625739.074369,15,156,0,1,21442241.239927,52,128,0,1,22286976.952739,7,132,0,1,24274954.952681,8,156,0,1,23846478.859883,28,188,0,1,20894337.357637,80,156,0,12,23527726.950973,78,132,0,12,24088490.553098,63,132,0,12,24774274.591173,86,176,0,12,24954817.484270,34,160,0,1,19384142.400908,43,168,0,1,19600692.540544,93,144,0,1,39316860.943893,35,152,0,1,21700447.871930,33,132,0,1,22346053.680909,60,144,0,12,26268083.301039,13,164,0,1,20231516.340288,42,128,0,1,23587271.831222,24,68,0,1,24821849.383501,
21,1552384035,0.800000,44,148,0,1,19488437.996558,5,148,0,1,23939784.729157,30,204,0,1,21625841.489697,15,156,0,1,21442171.997463,52,132,0,1,22286940.054253,7,132,0,1,24275090.837527,8,156,0,1,23846547.107685,28,188,0,1,20894328.379500,80,156,0,12,23527713.985461,78,132,0,12,24088562.954051,63,132,0,12,24774224.413072,86,176,0,12,24954910.048950,34,160,0,1,19384166.996989,43,168,0,1,19600768.675844,93,144,0,1,39316869.590475,35,152,0,1,21700325.955984,33,132,0,1,22346225.993084,60,144,0,12,26267983.180415,13,164,0,1,20231518.050410,42,128,0,1,23587437.852594,24,68,0,1,24821713.001324,
21,1552384036,0.000000,44,148,0,1,19488383.002197,5,148,0,1,23939931.267360,30,204,0,1,21625943.695622,15,156,0,1,21442102.720098,52,132,0,1,22286903.208118,7,132,0,1,24275226.434444,8,156,0,1,23846615.338036,28,188,0,1,20894319.462439,80,156,0,12,23527700.906523,78,132,0,12,24088634.988550,63,132,0,12,24774174.426924,86,176,0,12,24955002.439128,34,160,0,1,19384191.558171,43,168,0,1,19600844.767518,93,144,0,1,39316877.975305,35,152,0,1,21700204.083663,33,132,0,1,22346398.305259,60,144,0,12,26267882.798038,13,164,0,1,20231519.777981,42,128,0,1,23587602.635000,24,68,0,1,24821582.089790,
21,1552384036,0.200000,44,148,0,1,19488328.016561,5,148,0,1,23940077.692137,30,204,0,1,21626045.962623,15,156,0,1,21442033.442734,52,132,0,1,22286866.763339,7,132,0,1,24275362.066261,8,156,0,1,23846683.454961,28,188,0,1,20894310.510477,80,156,0,12,23527688.159139,78,132,0,12,24088706.988149,63,132,0,12,24774124.196472,86,176,0,12,24955094.811855,34,160,0,1,19384216.128078,43,168,0,1,19600920.771942,93,144,0,1,39316886.517187,35,152,0,1,21700082.307319,33,132,0,1,22346571.202017,60,148,0,12,26267782.782115,13,164,0,1,20231521.610254,42,128,0,1,23587769.284579,24,68,0,1,24821450.567499,
21,1552384036,0.400000,44,148,0,1,19488272.969849,5,148,0,1,23940224.186715,30,204,0,1,21626148.360501,15,156,0,1,21441964.348597,52,132,0,1,22286829.611825,7,132,0,1,24275497.671903,8,156,0,1,23846751.720213,28,188,0,1,20894301.619591,80,156,0,12,23527675.298328,78,132,0,12,24088778.603842,63,132,0,12,24774074.157973,86,176,0,12,24955187.332910,34,160,0,1,19384240.732885,43,168,0,1,19600996.881066,93,140,0,1,39316894.936917,35,152,0,1,21699960.461173,33,132,0,1,22346743.043036,60,148,0,12,26267682.600414,13,164,0,1,20231523.241849,42,128,0,1,23587932.932721,24,68,0,1,24821315.651141,
21,1552384036,0.600000,44,148,0,1,19488218.027839,5,148,0,1,23940370.733644,30,204,0,1,21626250.688578,15,156,0,1,21441894.975256,52,132,0,1,22286791.753578,7,132,0,1,24275633.548024,8,156,0,1,23846820.125067,28,188,0,1,20894292.685079,80,156,0,12,23527662.306641,78,132,0,12,24088850.769218,63,132,0,12,24774023.840270,86,176,0,12,24955279.714362,34,160,0,1,19384265.381317,43,168,0,1,19601072.937840,93,140,0,1,39316903.470073,35,152,0,1,21699838.632478,33,132,0,1,22346914.796804,60,148,0,12,26267582.348914,13,164,0,1,20231524.986871,42,124,0,1,23588097.941980,24,68,0,1,24821181.773070,
21,1552384036,0.800000,44,148,0,1,19488163.146904,5,148,0,1,23940517.280573,30,204,0,1,21626353.077730,15,156,0,1,21441825.619365,52,132,0,1,22286755.108120,7,132,0,1,24275769.188566,8,156,0,1,23846888.425219,28,188,0,1,20894283.733118,80,156,0,12,23527649.210253,78,132,0,12,24088923.239972,63,132,0,12,24773973.548742,86,172,0,12,24955372.209242,34,160,0,1,19384289.898873,43,168,0,1,19601149.169116,93,140,0,1,39316912.011955,35,152,0,1,21699716.768883,33,132,0,1,22347086.472046,60,148,0,12,26267482.219564,13,164,0,1,20231526.740618,42,124,0,1,23588262.541159,24,64,0,1,24821051.655522,
21,1552384037,0.000000,44,148,0,1,19488108.204893,5,148,0,1,23940663.844951,30,204,0,1,21626455.440708,15,156,0,1,21441756.411802,52,132,0,1,22286718.872743,7,132,0,1,24275905.047237,8,156,0,1,23846956.411267,28,188,0,1,20894274.833507,80,156,0,12,23527636.270916,78,132,0,12,24088995.414072,63,132,0,12,24773923.527693,86,172,0,12,24955464.852448,34,160,0,1,19384314.503680,43,168,0,1,19601225.321867,93,140,0,1,39316920.580012,35,152,0,1,21699594.896562,33,132,0,1,22347258.208364,60,148,0,12,26267382.020414,13,164,0,1,20231528.529265,42,124,0,1,23588426.555756,24,64,0,1,24820916.730438,
21,1552384037,0.200000,44,148,0,1,19488053.254157,5,148,0,1,23940810.383155,30,204,0,1,21626557.925836,15,156,0,1,21441687.125712,52,132,0,1,22286682.375613,7,132,0,1,24276040.836106,8,156,0,1,23847024.519467,28,188,0,1,20894265.846644,80,156,0,12,23527623.270504,78,132,0,12,24089067.788850,63,132,0,12,24773873.445568,86,172,0,12,24955557.364777,34,160,0,1,19384339.152113,43,168,0,1,19601301.500792,93,140,0,1,39316929.226595,35,152,0,1,21699473.102767,33,132,0,1,22347430.188985,60,148,0,12,26267281.620586,13,164,0,1,20231530.256837,42,124,0,1,23588590.561627,24,64,0,1,24820785.417550,
21,1552384037,0.400000,44,148,0,1,19487998.285972,5,148,0,1,23940956.938808,30,204,0,1,21626660.236463,15,156,0,1,21441617.839623,52,128,0,1,22286645.363701,7,132,0,1,24276176.747127,8,156,0,1,23847092.697468,28,188,0,1,20894257.043010,80,156,0,12,23527610.034514,78,136,0,12,24089140.137453,63,132,0,12,24773823.319818,86,172,0,12,24955649.580453,34,160,0,1,19384363.748194,43,168,0,1,19601377.662268,93,140,0,1,39316937.864452,35,152,0,1,21699351.195546,33,132,0,1,22347602.169606,60,148,0,12,26267181.700639,13,164,0,1,20231531.844807,42,124,0,1,23588755.640687,24,60,0,1,24820654.950997,
21,1552384037,0.600000,44,148,0,1,19487943.335236,5,148,0,1,23941103.546813,30,204,0,1,21626762.712867,15,156,0,1,21441548.466282,52,128,0,1,22286607.165174,7,132,0,1,24276312.527271,8,156,0,1,23847160.927819,28,188,0,1,20894248.178299,80,156,0,12,23527596.885775,78,136,0,12,24089212.329004,63,132,0,12,24773773.359844,86,172,0,12,24955742.267284,34,160,0,1,19384388.387902,43,168,0,1,19601453.701591,93,140,0,1,39316946.511035,35,152,0,1,21699229.454102,33,128,0,1,22347774.158952,60,148,0,12,26267081.675991,13,164,0,1,20231533.502577,42,124,0,1,23588920.100264,24,60,0,1,24820523.864961,
21,1552384037,0.800000,44,148,0,1,19487888.384500,5,148,0,1,23941250.224618,30,204,0,1,21626865.084569,15,156,0,1,21441479.319794,52,128,0,1,22286569.734457,7,132,0,1,24276448.429567,8,156,0,1,23847228.992393,28,188,0,1,20894239.296138,80,156,0,12,23527584.077315,78,136,0,12,24089284.311152,63,132,0,12,24773723.260269,86,172,0,12,24955834.858139,34,160,0,1,19384413.045060,43,168,0,1,19601529.801991,93,140,0,1,39316955.087817,35,152,0,1,21699107.660307,33,128,0,1,22347946.104672,60,148,0,12,26266981.616443,13,164,0,1,20231535.247599,42,124,0,1,23589085.214224,24,60,0,1,24820390.396971,
21,1552384038,0.000000,44,148,0,1,19487833.346514,5,148,0,1,23941396.658120,30,204,0,1,21626967.622049,15,156,0,1,21441410.042430,52,128,0,1,22286530.968799,7,132,0,1,24276584.235886,8,156,0,1,23847297.161669,28,188,0,1,20894230.518679,80,156,0,12,23527570.928576,78,136,0,12,24089356.424177,63,132,0,12,24773673.160694,86,176,0,12,24955927.370469,34,160,0,1,19384437.929070,43,168,0,1,19601605.972191,93,140,0,1,39316963.725675,35,152,0,1,21698985.962489,33,128,0,1,22348118.006767,60,148,0,12,26266881.190440,13,164,0,1,20231536.957721,42,124,0,1,23589249.708702,24,56,0,1,24820258.621651,
21,1552384038,0.200000,44,148,0,1,19487778.579005,5,148,0,1,23941543.187599,30,204,0,1,21627070.019926,15,156,0,1,21441340.773791,52,128,0,1,22286493.285053,7,132,0,1,24276720.016031,8,156,0,1,23847365.392020,28,188,0,1,20894221.741219,80,156,0,12,23527558.120116,78,136,0,12,24089428.458676,63,132,0,12,24773623.130920,86,172,0,12,24956020.109651,34,160,0,1,19384462.612403,43,168,0,1,19601682.116216,93,140,0,1,39316972.311182,35,152,0,1,21698864.212320,33,128,0,1,22348290.031014,60,148,0,12,26266781.026190,13,164,0,1,20231538.737643,42,124,0,1,23589416.829437,24,56,0,1,24820126.375176,
21,1552384038,0.400000,44,148,0,1,19487723.724246,5,144,0,1,23941689.813053,30,204,0,1,21627172.374178,15,156,0,1,21441271.601128,52,128,0,1,22286454.850949,7,132,0,1,24276855.857251,8,156,0,1,23847433.683447,28,188,0,1,20894212.859058,80,156,0,12,23527545.355282,78,136,0,12,24089500.920705,63,132,0,12,24773573.074970,86,172,0,12,24956112.813933,34,160,0,1,19384487.374262,43,168,0,1,19601758.242791,93,140,0,1,39316980.791988,35,152,0,1,21698742.497051,33,128,0,1,22348462.125061,60,148,0,12,26266680.905566,13,164,0,1,20231540.561191,42,124,0,1,23589581.620568,24,60,0,1,24819994.887786,
21,1552384038,0.600000,44,148,0,1,19487668.904387,5,144,0,1,23941836.159304,30,204,0,1,21627274.737156,15,156,0,1,21441202.419739,52,128,0,1,22286417.699435,7,132,0,1,24276991.759546,8,156,0,1,23847501.765472,28,188,0,1,20894203.976898,80,156,0,12,23527532.520647,78,136,0,12,24089573.129706,63,132,0,12,24773522.975395,86,172,0,12,24956205.518214,34,160,0,1,19384512.153571,43,168,0,1,19601834.456617,93,140,0,1,39316989.438571,35,152,0,1,21698620.842858,33,128,0,1,22348634.210383,60,148,0,12,26266580.645340,13,164,0,1,20231542.480714,42,124,0,1,23589745.731141,24,56,0,1,24819860.407683,
21,1552384038,0.800000,44,148,0,1,19487614.093253,5,144,0,1,23941982.531731,30,204,0,1,21627377.126308,15,156,0,1,21441133.194726,52,128,0,1,22286380.286168,7,132,0,1,24277127.670567,8,156,0,1,23847570.109250,28,188,0,1,20894195.199438,80,156,0,12,23527519.825613,78,136,0,12,24089645.487034,63,132,0,12,24773472.936896,86,176,0,12,24956298.082894,34,160,0,1,19384536.906705,43,168,0,1,19601910.635543,93,140,0,1,39316998.067704,35,152,0,1,21698499.127589,33,128,0,1,22348806.234630,60,148,0,12,26266480.446189,13,164,0,1,20231544.566016,42,124,0,1,23589912.659924,24,56,0,1,24819722.734190,
21,1552384039,0.000000,44,144,0,1,19487559.168692,5,144,0,1,23942129.122285,30,204,0,1,21627479.550361,15,156,0,1,21441064.187840,52,128,0,1,22286342.750750,7,136,0,1,24277263.380911,8,156,0,1,23847638.234900,28,188,0,1,20894186.421978,80,156,0,12,23527506.729225,78,136,0,12,24089717.992689,63,132,0,12,24773422.950747,86,176,0,12,24956390.752276,34,160,0,1,19384561.528962,43,168,0,1,19601986.805743,93,140,0,1,39317006.435083,35,152,0,1,21698377.455946,33,128,0,1,22348978.232701,60,148,0,12,26266380.212139,13,164,0,1,20231546.345938,42,128,0,1,23590078.576594,24,56,0,1,24819588.062134,
21,1552384039,0.200000,44,144,0,1,19487504.375009,5,144,0,1,23942275.747739,30,204,0,1,21627581.974414,15,156,0,1,21440995.084977,52,128,0,1,22286306.018042,7,136,0,1,24277399.195955,8,156,0,1,23847706.648478,28,188,0,1,20894177.609618,80,156,0,12,23527493.693912,78,136,0,12,24089790.184239,63,132,0,12,24773372.964598,86,176,0,12,24956483.090103,34,160,0,1,19384586.299546,43,168,0,1,19602062.975944,93,140,0,1,39317015.072941,35,152,0,1,21698255.801753,33,128,0,1,22349150.248222,60,148,0,12,26266280.082789,13,164,0,1,20231548.160760,42,128,0,1,23590243.524777,24,56,0,1,24819455.519005,
21,1552384039,0.400000,44,144,0,1,19487449.494074,5,144,0,1,23942422.233592,30,204,0,1,21627684.398467,15,156,0,1,21440925.816338,52,128,0,1,22286269.119556,7,136,0,1,24277535.045900,8,156,0,1,23847774.887555,28,188,0,1,20894168.945585,80,156,0,12,23527480.876727,78,136,0,12,24089862.515392,63,132,0,12,24773322.673071,86,176,0,12,24956575.960162,34,160,0,1,19384611.026505,43,168,0,1,19602139.198495,93,144,0,1,39317023.806775,35,152,0,1,21698134.095209,33,128,0,1,22349322.263744,60,148,0,12,26266179.770213,13,164,0,1,20231549.975583,42,128,0,1,23590407.975629,24,56,0,1,24819324.092691,
21,1552384039,0.600000,44,144,0,1,19487394.604414,5,144,0,1,23942568.675819,30,204,0,1,21627786.726544,15,156,0,1,21440856.565149,52,128,0,1,22286232.142545,7,136,0,1,24277670.860945,8,156,0,1,23847843.083006,28,188,0,1,20894160.203026,80,156,0,12,23527468.164244,78,136,0,12,24089934.898895,63,132,0,12,24773272.590946,86,176,0,12,24956668.376515,34,160,0,1,19384635.823264,43,168,0,1,19602215.403596,93,144,0,1,39317032.261405,35,152,0,1,21698012.371216,33,128,0,1,22349494.209464,60,148,0,12,26266079.448911,13,164,0,1,20231551.729330,42,128,0,1,23590574.058077,24,52,0,1,24819190.851553,
21,1552384039,0.800000,44,144,0,1,19487339.793280,5,144,0,1,23942715.109322,30,204,0,1,21627889.106972,15,156,0,1,21440787.226709,52,128,0,1,22286195.121908,7,136,0,1,24277806.798141,8,156,0,1,23847911.322082,28,188,0,1,20894151.504093,80,156,0,12,23527455.216182,78,136,0,12,24090006.968294,63,132,0,12,24773222.587347,86,176,0,12,24956761.098247,34,160,0,1,19384660.593848,43,168,0,1,19602291.626147,93,144,0,1,39317040.724761,35,152,0,1,21697890.629772,33,128,0,1,22349666.251161,60,148,0,12,26265979.432988,13,164,0,1,20231553.675029,42,128,0,1,23590739.808970,24,48,0,1,24819057.339937,
21,1552384040,0.000000,44,144,0,1,19487284.921070,5,144,0,1,23942861.647525,30,204,0,1,21627991.443774,15,156,0,1,21440717.940619,52,128,0,1,22286157.848243,7,136,0,1,24277942.517210,8,156,0,1,23847979.465183,28,188,0,1,20894142.813884,80,156,0,12,23527442.084893,78,136,0,12,24090078.889367,63,132,0,12,24773172.548847,86,176,0,12,24956853.593126,34,160,0,1,19384685.416783,43,172,0,1,19602367.970849,93,144,0,1,39317049.327718,35,152,0,1,21697768.862152,33,128,0,1,22349838.327758,60,148,0,12,26265879.355989,13,164,0,1,20231555.507302,42,128,0,1,23590905.455162,24,48,0,1,24818923.077962,
21,1552384040,0.200000,44,144,0,1,19487230.031411,5,144,0,1,23943008.054852,30,204,0,1,21628093.963803,15,156,0,1,21440648.759231,52,128,0,1,22286120.574578,7,136,0,1,24278078.314804,8,156,0,1,23848047.721709,28,188,0,1,20894134.106226,80,156,0,12,23527429.302609,78,136,0,12,24090151.421197,63,132,0,12,24773122.615049,86,176,0,12,24956946.070555,34,160,0,1,19384710.248443,43,172,0,1,19602444.210851,93,144,0,1,39317057.921950,35,152,0,1,21697647.225409,33,128,0,1,22350010.360730,60,148,0,12,26265779.436042,13,164,0,1,20231557.400651,42,128,0,1,23591069.748962,24,44,0,1,24818789.505270,
21,1552384040,0.400000,44,144,0,1,19487175.202826,5,144,0,1,23943154.558155,30,204,0,1,21628196.335505,15,156,0,1,21440579.438241,52,124,0,1,22286083.344538,7,136,0,1,24278214.365427,8,156,0,1,23848115.908435,28,188,0,1,20894125.311316,80,156,0,12,23527416.616300,78,136,0,12,24090223.726174,63,132,0,12,24773072.524199,86,176,0,12,24957038.530534,34,160,0,1,19384735.001577,43,172,0,1,19602520.442127,93,144,0,1,39317066.306780,35,152,0,1,21697525.405439,33,128,0,1,22350182.402426,60,148,0,12,26265679.428844,13,164,0,1,20231559.241649,42,128,0,1,23591234.758221,24,44,0,1,24818654.737238,
21,1552384040,0.600000,44,144,0,1,19487120.382967,5,144,0,1,23943300.956757,30,204,0,1,21628298.811909,15,156,0,1,21440510.213227,52,124,0,1,22286046.297726,7,136,0,1,24278350.163021,8,156,0,1,23848184.191137,28,188,0,1,20894116.324454,80,156,0,12,23527403.895092,78,136,0,12,24090295.786848,63,132,0,12,24773022.328648,86,176,0,12,24957131.374417,34,160,0,1,19384759.763436,43,172,0,1,19602596.638503,93,144,0,1,39317074.918462,35,152,0,1,21697403.698896,33,128,0,1,22350354.417948,60,148,0,12,26265579.264595,13,164,0,1,20231561.047746,42,128,0,1,23591400.378237,24,40,0,1,24818520.440363,
20,1552384040,0.800000,44,144,0,1,19487065.493307,5,144,0,1,23943447.294283,30,204,0,1,21628401.183611,15,156,0,1,21440441.110365,52,124,0,1,22286009.137487,7,136,0,1,24278486.021691,8,156,0,1,23848252.534915,28,188,0,1,20894107.459743,80,156,0,12,23527390.877229,78,136,0,12,24090368.187802,63,132,0,12,24772972.490826,86,176,0,12,24957223.843121,34,160,0,1,19384784.612546,43,172,0,1,19602672.957030,93,144,0,1,39317083.556320,35,152,0,1,21697281.957452,33,128,0,1,22350526.503270,60,148,0,12,26265479.187596,13,164,0,1,20231563.028346,42,128,0,1,23591564.227057,
20,1552384041,0.000000,44,144,0,1,19487010.751974,5,144,0,1,23943593.762685,30,204,0,1,21628503.651290,15,156,0,1,21440371.972602,52,124,0,1,22285972.047050,7,136,0,1,24278621.801836,8,156,0,1,23848320.721641,28,188,0,1,20894098.717184,80,156,0,12,23527378.016419,78,132,0,12,24090440.475329,63,132,0,12,24772922.565753,86,176,0,12,24957316.556128,34,160,0,1,19384809.575082,43,172,0,1,19602749.310458,93,144,0,1,39317092.054576,35,152,0,1,21697160.189832,33,124,0,1,22350698.440265,60,148,0,12,26265379.206573,13,164,0,1,20231564.878069,42,128,0,1,23591729.698747,
