obsCount, time1, time2, sat, SNR, LLI, code,P
22,1553680257,0.595000,13,160,0,1,19408040.783281,30,144,0,1,22327212.062258,15,180,0,1,19204656.872654,28,164,0,1,19781806.299038,17,160,0,1,21499271.963017,20,136,0,1,21492562.825452,42,160,0,1,20146033.357640,84,152,0,12,21382816.615490,34,180,0,1,18407809.942763,67,156,0,12,20671816.428198,61,160,0,12,22717835.018633,62,148,0,12,23949268.754771,71,116,0,12,23317580.766868,52,132,0,1,20172426.017473,44,164,0,1,19053272.633268,33,104,0,1,19968489.155023,18,92,0,1,22707778.590976,83,116,0,12,23477025.500382,43,172,0,1,17552232.463970,24,144,0,1,20709864.160724,66,132,0,12,25141139.950557,11,124,0,1,22388560.606150,
2,1553680257,0.595000,10,136,0,1,22499636.930834,35,132,0,1,21502999.635418,
22,1553680257,0.795000,13,160,0,1,19408120.844880,30,144,0,1,22327340.234107,15,180,0,1,19204669.471712,28,164,0,1,19781866.432488,17,160,0,1,21499166.633503,20,132,0,1,21492557.747439,42,160,0,1,20146164.827580,84,152,0,12,21382848.671540,34,180,0,1,18407783.051977,67,156,0,12,20671818.906129,61,160,0,12,22717758.516879,62,148,0,12,23949369.774082,71,116,0,12,23317535.815107,52,132,0,1,20172363.039638,44,164,0,1,19053160.916974,33,104,0,1,19968632.473661,18,92,0,1,22707722.558327,83,116,0,12,23477131.056749,43,172,0,1,17552235.849312,24,144,0,1,20709746.284503,66,136,0,12,25141045.038823,11,128,0,1,22388527.450736,
2,1553680257,0.795000,10,136,0,1,22499557.253140,35,132,0,1,21502849.615896,
22,1553680257,0.995000,13,160,0,1,19408200.906479,30,144,0,1,22327468.371056,15,180,0,1,19204682.210371,28,164,0,1,19781926.583389,17,160,0,1,21499061.443591,20,132,0,1,21492552.843928,42,160,0,1,20146296.367321,84,152,0,12,21382880.727590,34,180,0,1,18407756.300793,67,156,0,12,20671821.558562,61,160,0,12,22717682.172176,62,148,0,12,23949470.793392,71,116,0,12,23317494.283589,52,132,0,1,20172300.166503,44,164,0,1,19053049.200680,33,104,0,1,19968778.095728,18,92,0,1,22707666.961934,83,116,0,12,23477237.363476,43,172,0,1,17552239.496407,24,144,0,1,20709628.425733,66,136,0,12,25140949.935136,11,128,0,1,22388494.783929,
2,1553680257,0.995000,10,136,0,1,22499477.348593,35,132,0,1,21502699.631275,
22,1553680258,0.195000,13,160,0,1,19408280.985528,30,144,0,1,22327596.385853,15,180,0,1,19204694.931579,28,164,0,1,19781986.664489,17,160,0,1,21498956.079176,20,132,0,1,21492547.888066,42,160,0,1,20146427.750011,84,152,0,12,21382912.853441,34,180,0,1,18407729.410008,67,156,0,12,20671824.158645,61,160,0,12,22717605.949625,62,148,0,12,23949571.917404,71,116,0,12,23317449.611032,52,132,0,1,20172237.310819,44,164,0,1,19052937.606538,33,104,0,1,19968923.979548,18,92,0,1,22707611.156137,83,112,0,12,23477342.221834,43,172,0,1,17552243.003901,24,144,0,1,20709510.601862,66,132,0,12,25140854.918701,11,128,0,1,22388462.588277,
2,1553680258,0.195000,10,136,0,1,22499396.571535,35,132,0,1,21502549.576852,
22,1553680258,0.395000,13,160,0,1,19408360.942425,30,144,0,1,22327724.487902,15,180,0,1,19204707.687688,28,164,0,1,19782046.885190,17,160,0,1,21498850.941614,20,132,0,1,21492542.879853,42,164,0,1,20146559.342103,84,152,0,12,21382945.118894,34,180,0,1,18407702.676274,67,156,0,12,20671826.741277,61,160,0,12,22717529.761974,62,148,0,12,23949673.006515,71,116,0,12,23317406.805648,52,132,0,1,20172174.559836,44,164,0,1,19052825.977495,33,104,0,1,19969070.805680,18,92,0,1,22707555.193289,83,112,0,12,23477445.841227,43,172,0,1,17552246.546295,24,144,0,1,20709392.777992,66,132,0,12,25140759.780114,11,128,0,1,22388429.816768,
2,1553680258,0.395000,10,136,0,1,22499316.911291,35,132,0,1,21502399.574781,
22,1553680258,0.595000,13,160,0,1,19408441.021475,30,144,0,1,22327852.642301,15,180,0,1,19204720.391447,28,164,0,1,19782107.001190,17,160,0,1,21498745.559749,20,132,0,1,21492537.976342,42,164,0,1,20146690.794593,84,152,0,12,21382977.070242,34,180,0,1,18407675.907640,67,156,0,12,20671829.550762,61,160,0,12,22717453.452172,62,148,0,12,23949773.921125,71,116,0,12,23317362.691497,52,132,0,1,20172111.704151,44,164,0,1,19052714.488054,33,104,0,1,19969214.961929,18,96,0,1,22707499.038488,83,112,0,12,23477549.373369,43,172,0,1,17552250.175941,24,144,0,1,20709274.936672,66,132,0,12,25140664.955631,11,128,0,1,22388397.359363,
2,1553680258,0.595000,10,136,0,1,22499236.622839,35,132,0,1,21502249.572709,
22,1553680258,0.795000,13,160,0,1,19408520.960922,30,144,0,1,22327980.779249,15,180,0,1,19204733.199907,28,164,0,1,19782167.169541,17,160,0,1,21498640.265135,20,132,0,1,21492533.072831,42,164,0,1,20146822.229633,84,152,0,12,21383009.178643,34,180,0,1,18407649.051755,67,156,0,12,20671832.168295,61,160,0,12,22717377.072569,62,148,0,12,23949874.905535,71,116,0,12,23317315.314156,52,132,0,1,20172049.022969,44,164,0,1,19052602.876461,33,108,0,1,19969361.002801,18,96,0,1,22707443.093090,83,112,0,12,23477655.889498,43,172,0,1,17552253.700885,24,144,0,1,20709157.287304,66,136,0,12,25140570.323100,11,128,0,1,22388364.727456,
2,1553680258,0.795000,10,136,0,1,22499156.334387,35,132,0,1,21502099.675338,
22,1553680258,0.995000,13,160,0,1,19408601.127222,30,144,0,1,22328108.916198,15,180,0,1,19204745.956016,28,164,0,1,19782227.268091,17,160,0,1,21498535.075223,20,132,0,1,21492528.169320,42,164,0,1,20146953.664673,84,152,0,12,21383041.356844,34,180,0,1,18407622.300571,67,156,0,12,20671835.134832,61,160,0,12,22717300.850018,62,148,0,12,23949976.169148,71,116,0,12,23317271.950365,52,132,0,1,20171986.202186,44,164,0,1,19052491.247418,33,108,0,1,19969507.636981,18,96,0,1,22707387.601398,83,112,0,12,23477760.346501,43,172,0,1,17552257.382881,24,144,0,1,20709039.533234,66,136,0,12,25140475.324114,11,128,0,1,22388331.467341,
2,1553680258,0.995000,10,136,0,1,22499077.127849,35,132,0,1,21501949.725617,
22,1553680259,0.195000,13,160,0,1,19408681.293523,30,144,0,1,22328237.035697,15,180,0,1,19204758.799376,28,164,0,1,19782287.453892,17,160,0,1,21498429.867860,20,132,0,1,21492523.265809,42,164,0,1,20147085.186964,84,152,0,12,21383073.709548,34,180,0,1,18407595.409786,67,156,0,12,20671837.874516,61,160,0,12,22717224.644917,62,148,0,12,23950077.205909,71,116,0,12,23317226.754301,52,128,0,1,20171923.363951,44,164,0,1,19052379.618375,33,108,0,1,19969653.241598,18,96,0,1,22707331.690900,83,112,0,12,23477862.814180,43,172,0,1,17552260.995076,24,144,0,1,20708921.691914,66,136,0,12,25140380.220428,11,128,0,1,22388298.259577,
2,1553680259,0.195000,10,136,0,1,22498997.624657,35,132,0,1,21501799.793347,
22,1553680259,0.395000,13,160,0,1,19408761.355122,30,144,0,1,22328365.207546,15,180,0,1,19204771.607836,28,164,0,1,19782347.657143,17,160,0,1,21498324.573246,20,132,0,1,21492518.466999,42,164,0,1,20147216.709255,84,152,0,12,21383105.870299,34,180,0,1,18407568.623702,67,156,0,12,20671840.806153,61,160,0,12,22717148.474717,62,148,0,12,23950178.452072,71,116,0,12,23317179.272259,52,128,0,1,20171860.665319,44,164,0,1,19052268.024233,33,108,0,1,19969798.462310,18,96,0,1,22707276.286459,83,112,0,12,23477963.920741,43,172,0,1,17552264.572370,24,144,0,1,20708803.937845,66,136,0,12,25140285.099291,11,128,0,1,22388265.139063,
2,1553680259,0.395000,10,136,0,1,22498917.772461,35,132,0,1,21501649.773825,
22,1553680259,0.595000,13,160,0,1,19408841.469071,30,144,0,1,22328493.414296,15,180,0,1,19204784.329045,28,160,0,1,19782407.912745,17,160,0,1,21498219.435684,20,132,0,1,21492513.580938,42,164,0,1,20147348.109395,84,152,0,12,21383138.031051,34,180,0,1,18407541.767816,67,156,0,12,20671843.702889,61,160,0,12,22717072.077663,62,148,0,12,23950279.523733,71,116,0,12,23317136.536675,52,128,0,1,20171797.879436,44,164,0,1,19052156.464991,33,108,0,1,19969943.525970,18,100,0,1,22707220.567914,83,112,0,12,23478071.989940,43,172,0,1,17552268.202016,24,144,0,1,20708686.253576,66,136,0,12,25140190.135206,11,128,0,1,22388232.123251,
2,1553680259,0.595000,10,136,0,1,22498838.513572,35,132,0,1,21501499.719402,
22,1553680259,0.795000,13,160,0,1,19408921.530670,30,144,0,1,22328621.551245,15,180,0,1,19204797.189855,28,164,0,1,19782468.133446,17,160,0,1,21498114.298122,20,132,0,1,21492508.712327,42,164,0,1,20147479.596786,84,152,0,12,21383170.209252,34,180,0,1,18407515.103884,67,156,0,12,20671846.285521,61,160,0,12,22716995.785311,62,148,0,12,23950380.700096,71,116,0,12,23317092.143321,52,128,0,1,20171735.058652,44,164,0,1,19052044.818498,33,108,0,1,19970088.450028,18,100,0,1,22707164.587615,83,112,0,12,23478175.661683,43,172,0,1,17552271.761860,51,96,0,1,21189415.732592,24,144,0,1,20708568.359905,66,136,0,12,25140094.926818,
3,1553680259,0.795000,11,128,0,1,22388199.264491,10,136,0,1,22498759.289583,35,128,0,1,21501349.682430,
22,1553680259,0.995000,13,160,0,1,19409001.662070,30,144,0,1,22328749.635843,15,180,0,1,19204809.945964,28,160,0,1,19782528.319247,17,160,0,1,21498009.108210,20,132,0,1,21492503.721565,42,164,0,1,20147611.084176,84,152,0,12,21383202.335103,34,180,0,1,18407488.544652,67,156,0,12,20671848.955404,61,160,0,12,22716919.737262,62,148,0,12,23950481.719406,71,116,0,12,23317047.976820,52,128,0,1,20171672.255318,44,164,0,1,19051933.119654,33,104,0,1,19970232.204922,18,100,0,1,22707108.903970,83,112,0,12,23478283.800683,43,172,0,1,17552275.443856,51,96,0,1,21189507.276435,24,144,0,1,20708450.518585,66,136,0,12,25139999.858032,
3,1553680259,0.995000,11,128,0,1,22388166.458082,10,136,0,1,22498679.576989,35,128,0,1,21501199.593107,
22,1553680260,0.195000,13,160,0,1,19409081.741119,30,144,0,1,22328877.737891,15,180,0,1,19204822.614822,28,160,0,1,19782588.505048,17,160,0,1,21497903.918297,20,136,0,1,21492498.748253,42,164,0,1,20147742.571567,84,152,0,12,21383234.583105,34,180,0,1,18407461.723668,67,156,0,12,20671851.729989,61,160,0,12,22716843.619413,62,148,0,12,23950582.825968,71,116,0,12,23317000.582029,52,128,0,1,20171609.417084,44,164,0,1,19051821.508061,33,104,0,1,19970378.315595,18,100,0,1,22707053.761282,83,112,0,12,23478384.715292,43,172,0,1,17552279.143302,51,100,0,1,21189599.413584,24,144,0,1,20708332.799416,66,136,0,12,25139904.911397,
3,1553680260,0.195000,11,128,0,1,22388133.546971,10,136,0,1,22498598.765030,35,132,0,1,21501049.800438,
22,1553680260,0.395000,13,160,0,1,19409161.907420,30,144,0,1,22329005.874840,15,180,0,1,19204835.336031,28,160,0,1,19782648.551247,17,160,0,1,21497798.780735,20,136,0,1,21492493.792391,42,164,0,1,20147874.076408,84,152,0,12,21383266.621705,34,180,0,1,18407434.972484,67,156,0,12,20671854.487123,61,160,0,12,22716767.571364,62,148,0,12,23950684.019781,71,116,0,12,23316955.979272,52,128,0,1,20171546.596300,44,164,0,1,19051709.844118,33,104,0,1,19970522.593995,18,100,0,1,22706998.025287,83,112,0,12,23478493.726802,43,172,0,1,17552282.790398,51,100,0,1,21189691.760137,24,144,0,1,20708215.027897,66,136,0,12,25139809.894961,
3,1553680260,0.395000,11,124,0,1,22388100.600960,10,140,0,1,22498518.773232,35,132,0,1,21500899.780916,
22,1553680260,0.595000,13,160,0,1,19409241.934118,30,144,0,1,22329133.854737,15,180,0,1,19204848.109591,28,160,0,1,19782708.824300,17,160,0,1,21497693.643173,20,136,0,1,21492488.871430,42,164,0,1,20148005.633599,84,152,0,12,21383298.799907,34,180,0,1,18407408.186400,67,156,0,12,20671857.296608,61,160,0,12,22716691.226661,62,148,0,12,23950785.143792,71,116,0,12,23316914.133650,52,128,0,1,20171483.845317,44,164,0,1,19051598.302326,33,104,0,1,19970665.842833,18,100,0,1,22706942.219490,83,112,0,12,23478599.597273,43,172,0,1,17552286.367692,51,100,0,1,21189784.071788,24,144,0,1,20708097.308728,66,136,0,12,25139714.808725,
3,1553680260,0.595000,11,124,0,1,22388067.812001,10,140,0,1,22498438.798884,35,128,0,1,21500749.761395,
22,1553680260,0.795000,13,160,0,1,19409321.943367,30,144,0,1,22329261.904435,15,180,0,1,19204860.778449,28,160,0,1,19782769.010101,17,160,0,1,21497588.366010,20,136,0,1,21492483.775966,42,164,0,1,20148137.243141,84,152,0,12,21383331.135160,34,180,0,1,18407381.470116,67,156,0,12,20671860.123544,61,160,0,12,22716614.847058,62,148,0,12,23950886.040951,71,116,0,12,23316867.716071,52,128,0,1,20171421.041984,44,164,0,1,19051486.551132,33,104,0,1,19970811.813904,18,100,0,1,22706886.500945,83,108,0,12,23478705.904000,43,172,0,1,17552289.997338,51,100,0,1,21189876.226388,24,144,0,1,20707979.484857,66,136,0,12,25139619.705038,
3,1553680260,0.795000,11,124,0,1,22388034.726388,10,140,0,1,22498359.016489,35,128,0,1,21500599.741873,
22,1553680260,0.995000,13,160,0,1,19409402.004966,30,140,0,1,22329390.006483,15,180,0,1,19204873.482207,28,164,0,1,19782829.265702,17,160,0,1,21497483.280799,20,136,0,1,21492478.942256,42,164,0,1,20148268.660731,84,152,0,12,21383363.330812,34,180,0,1,18407354.788733,67,156,0,12,20671863.002830,61,160,0,12,22716538.641957,62,148,0,12,23950987.252214,71,116,0,12,23316823.322717,52,128,0,1,20171358.325901,44,164,0,1,19051374.904639,33,104,0,1,19970955.690949,18,100,0,1,22706831.462958,83,108,0,12,23478812.001323,43,172,0,1,17552293.749134,51,100,0,1,21189968.450789,24,144,0,1,20707861.695888,66,136,0,12,25139524.723503,
3,1553680260,0.995000,11,124,0,1,22388002.077031,10,140,0,1,22498278.850188,35,128,0,1,21500449.792152,
22,1553680261,0.195000,13,160,0,1,19409482.118915,30,144,0,1,22329518.021281,15,180,0,1,19204886.273217,28,164,0,1,19782889.538754,17,160,0,1,21497378.143237,20,136,0,1,21492474.091095,42,164,0,1,20148400.287724,84,152,0,12,21383395.334511,34,180,0,1,18407328.037550,67,156,0,12,20671865.917016,61,160,0,12,22716462.314705,62,148,0,12,23951088.323875,71,116,0,12,23316779.243467,52,124,0,1,20171295.522567,44,164,0,1,19051263.205795,33,104,0,1,19971099.463293,18,100,0,1,22706775.866565,83,112,0,12,23478917.138885,43,172,0,1,17552297.326429,51,100,0,1,21190061.198696,24,144,0,1,20707743.872018,66,136,0,12,25139429.794319,
3,1553680261,0.195000,11,124,0,1,22387967.228946,10,140,0,1,22498198.806040,35,128,0,1,21500299.842431,
22,1553680261,0.395000,13,160,0,1,19409562.180514,30,144,0,1,22329646.001178,15,180,0,1,19204899.134027,28,164,0,1,19782949.689655,17,160,0,1,21497272.953324,20,136,0,1,21492469.222484,42,164,0,1,20148531.827465,84,152,0,12,21383427.233509,34,180,0,1,18407301.408517,67,156,0,12,20671868.831202,61,160,0,12,22716386.022353,62,148,0,12,23951189.290835,71,116,0,12,23316735.705174,52,124,0,1,20171232.771584,44,164,0,1,19051151.611652,33,104,0,1,19971244.631655,18,100,0,1,22706719.816465,83,112,0,12,23479021.107283,43,172,0,1,17552301.008425,51,100,0,1,21190154.016405,24,144,0,1,20707626.048147,66,136,0,12,25139334.795333,
3,1553680261,0.395000,11,124,0,1,22387933.340623,10,140,0,1,22498118.639739,35,128,0,1,21500149.822909,
22,1553680261,0.595000,13,160,0,1,19409642.259563,30,144,0,1,22329774.120676,15,180,0,1,19204911.855236,28,164,0,1,19783009.945257,17,160,0,1,21497167.658710,20,136,0,1,21492464.318973,42,164,0,1,20148663.297405,84,152,0,12,21383459.411711,34,180,0,1,18407274.796935,67,156,0,12,20671871.710488,61,160,0,12,22716309.869603,62,148,0,12,23951290.362496,71,116,0,12,23316686.966716,52,124,0,1,20171170.003151,44,164,0,1,19051039.982610,33,104,0,1,19971389.538263,18,100,0,1,22706664.429474,83,112,0,12,23479125.860940,43,172,0,1,17552304.672971,51,100,0,1,21190245.787100,24,144,0,1,20707508.294078,66,136,0,12,25139239.743997,
3,1553680261,0.595000,11,128,0,1,22387900.394612,10,140,0,1,22498038.525790,35,128,0,1,21499999.925538,
22,1553680261,0.795000,13,160,0,1,19409722.303712,30,144,0,1,22329902.100573,15,180,0,1,19204924.576445,28,164,0,1,19783070.165958,17,160,0,1,21497062.521148,20,136,0,1,21492459.398012,42,164,0,1,20148794.732445,84,152,0,12,21383491.607362,34,184,0,1,18407248.167903,67,156,0,12,20671874.415272,61,160,0,12,22716233.594701,62,148,0,12,23951391.346906,71,116,0,12,23316643.079418,52,128,0,1,20171107.252168,44,164,0,1,19050928.161614,33,104,0,1,19971534.462321,18,100,0,1,22706608.431726,83,112,0,12,23479233.267030,43,172,0,1,17552308.267716,51,100,0,1,21190338.168552,24,144,0,1,20707390.470208,66,136,0,12,25139144.727562,
3,1553680261,0.795000,11,128,0,1,22387867.396250,10,140,0,1,22497958.324589,35,128,0,1,21499849.836216,
22,1553680261,0.995000,13,160,0,1,19409802.417662,30,144,0,1,22330030.115371,15,180,0,1,19204937.384905,28,164,0,1,19783130.299409,17,160,0,1,21496957.243985,20,132,0,1,21492454.546851,42,164,0,1,20148926.272187,84,152,0,12,21383523.715763,34,184,0,1,18407221.434169,67,156,0,12,20671876.980454,61,160,0,12,22716157.249998,62,148,0,12,23951492.313866,71,116,0,12,23316600.832441,52,128,0,1,20171044.413934,44,164,0,1,19050816.462770,33,104,0,1,19971679.595782,18,100,0,1,22706553.044734,83,112,0,12,23479336.205864,43,172,0,1,17552311.967162,51,100,0,1,21190429.834546,24,144,0,1,20707272.663788,66,136,0,12,25139049.693676,
3,1553680261,0.995000,11,128,0,1,22387834.345538,10,140,0,1,22497878.210639,35,128,0,1,21499699.886494,
22,1553680262,0.195000,13,160,0,1,19409882.392010,30,144,0,1,22330158.287220,15,180,0,1,19204950.053763,28,164,0,1,19783190.450309,17,160,0,1,21496852.158774,20,136,0,1,21492449.573539,42,164,0,1,20149057.759577,84,152,0,12,21383555.893965,34,184,0,1,18407194.822587,67,156,0,12,20671879.772489,61,160,0,12,22716081.027447,62,148,0,12,23951593.420428,71,116,0,12,23316556.875343,52,128,0,1,20170981.697852,44,164,0,1,19050704.816277,33,104,0,1,19971824.415139,18,100,0,1,22706496.855033,83,112,0,12,23479441.029322,43,172,0,1,17552315.614257,51,100,0,1,21190522.181098,24,144,0,1,20707154.857368,66,136,0,12,25138954.694690,
3,1553680262,0.195000,11,128,0,1,22387802.830445,10,140,0,1,22497798.026889,35,128,0,1,21499549.779721,
22,1553680262,0.395000,13,160,0,1,19409962.436159,30,144,0,1,22330286.284567,15,180,0,1,19204962.827322,28,164,0,1,19783250.723361,17,160,0,1,21496746.968861,20,136,0,1,21492444.722379,42,164,0,1,20149189.212068,84,152,0,12,21383587.915114,34,184,0,1,18407168.280806,67,156,0,12,20671882.459822,61,160,0,12,22716004.787446,62,148,0,12,23951694.526990,71,116,0,12,23316511.783980,52,128,0,1,20170918.824717,44,164,0,1,19050593.291936,33,104,0,1,19971969.688202,18,100,0,1,22706440.735133,83,112,0,12,23479544.910469,43,172,0,1,17552319.278803,51,100,0,1,21190614.056495,24,144,0,1,20707036.963697,66,136,0,12,25138859.643354,
3,1553680262,0.395000,11,128,0,1,22387772.536867,10,140,0,1,22497717.843138,35,128,0,1,21499399.795100,
22,1553680262,0.595000,13,160,0,1,19410042.462857,30,144,0,1,22330414.299364,15,180,0,1,19204975.583431,28,164,0,1,19783310.978963,17,160,0,1,21496641.761498,20,136,0,1,21492439.836318,42,164,0,1,20149320.647108,84,152,0,12,21383620.093316,34,184,0,1,18407141.669224,67,156,0,12,20671885.147156,61,160,0,12,22715928.460194,62,148,0,12,23951795.476499,71,116,0,12,23316462.993171,52,128,0,1,20170856.108634,44,164,0,1,19050481.627993,33,104,0,1,19972114.734412,18,100,0,1,22706384.580332,83,112,0,12,23479649.925879,43,172,0,1,17552322.978249,51,100,0,1,21190705.949341,24,144,0,1,20706919.227078,66,136,0,12,25138764.539668,
3,1553680262,0.595000,11,128,0,1,22387737.706232,10,140,0,1,22497637.711738,35,128,0,1,21499249.705777,
22,1553680262,0.795000,13,160,0,1,19410122.594257,30,144,0,1,22330542.436313,15,180,0,1,19204988.322090,28,164,0,1,19783371.112413,17,156,0,1,21496536.501785,20,132,0,1,21492434.915356,42,164,0,1,20149452.099598,84,152,0,12,21383652.306418,34,184,0,1,18407114.935491,67,156,0,12,20671887.851940,61,160,0,12,22715852.063140,62,148,0,12,23951896.548160,71,112,0,12,23316414.917821,52,128,0,1,20170793.322751,44,164,0,1,19050370.016400,33,100,0,1,19972259.431617,18,100,0,1,22706328.495333,83,112,0,12,23479754.365432,43,172,0,1,17552326.625345,51,100,0,1,21190798.260993,24,144,0,1,20706801.403208,66,136,0,12,25138669.558132,
3,1553680262,0.795000,11,128,0,1,22387704.515918,10,140,0,1,22497557.615239,35,128,0,1,21499099.756056,
22,1553680262,0.995000,13,160,0,1,19410202.708207,30,144,0,1,22330670.520911,15,180,0,1,19205001.130550,28,164,0,1,19783431.350565,17,156,0,1,21496431.259522,20,132,0,1,21492430.029295,42,164,0,1,20149583.534638,84,152,0,12,21383684.502069,34,184,0,1,18407088.376259,67,156,0,12,20671890.766126,61,160,0,12,22715775.875490,62,148,0,12,23951997.515120,71,112,0,12,23316372.740645,52,128,0,1,20170730.606668,44,164,0,1,19050258.422257,33,100,0,1,19972404.146273,18,100,0,1,22706271.834476,83,112,0,12,23479859.886899,43,172,0,1,17552330.324791,51,100,0,1,21190891.357905,24,144,0,1,20706683.561887,66,136,0,12,25138574.611498,
3,1553680262,0.995000,11,128,0,1,22387672.163214,10,140,0,1,22497477.571090,35,128,0,1,21498949.841236,
22,1553680263,0.195000,13,160,0,1,19410282.839606,30,144,0,1,22330798.640410,15,180,0,1,19205013.886659,28,164,0,1,19783491.693418,17,156,0,1,21496326.052159,20,132,0,1,21492425.125784,42,164,0,1,20149715.074379,84,152,0,12,21383716.715171,34,184,0,1,18407061.817028,67,156,0,12,20671893.680312,61,160,0,12,22715699.513337,62,148,0,12,23952098.656582,71,112,0,12,23316330.406417,52,128,0,1,20170667.908036,44,164,0,1,19050146.897916,33,100,0,1,19972548.302522,18,100,0,1,22706216.203181,83,112,0,12,23479964.815058,43,172,0,1,17552334.076588,51,104,0,1,21190983.460154,24,144,0,1,20706565.720567,66,136,0,12,25138479.595062,
3,1553680263,0.195000,11,124,0,1,22387640.054814,10,140,0,1,22497397.561842,35,128,0,1,21498799.804263,
22,1553680263,0.395000,13,160,0,1,19410362.848855,30,144,0,1,22330926.759909,15,180,0,1,19205026.660219,28,164,0,1,19783551.949020,17,156,0,1,21496220.897147,20,132,0,1,21492420.309524,42,164,0,1,20149846.631571,84,152,0,12,21383748.928273,34,184,0,1,18407035.362498,67,156,0,12,20671896.489797,61,160,0,12,22715623.220985,62,148,0,12,23952199.780594,71,112,0,12,23316287.670833,52,128,0,1,20170605.174503,44,164,0,1,19050035.251423,33,96,0,1,19972693.052078,18,100,0,1,22706159.053718,83,112,0,12,23480069.533815,43,172,0,1,17552337.706233,51,104,0,1,21191076.208061,24,144,0,1,20706447.896697,66,136,0,12,25138384.753129,
3,1553680263,0.395000,11,124,0,1,22387605.608084,10,140,0,1,22497317.482793,35,128,0,1,21498649.802192,
22,1553680263,0.595000,13,160,0,1,19410442.980255,30,144,0,1,22331054.879407,15,180,0,1,19205039.451228,28,164,0,1,19783612.274423,17,156,0,1,21496115.794485,20,132,0,1,21492415.423463,42,164,0,1,20149978.258563,84,152,0,12,21383781.106475,34,184,0,1,18407008.663664,67,156,0,12,20671899.281832,61,160,0,12,22715547.050784,62,148,0,12,23952300.695203,71,112,0,12,23316242.998276,52,128,0,1,20170542.475871,44,164,0,1,19049923.517679,33,96,0,1,19972837.958686,18,100,0,1,22706102.829117,83,116,0,12,23480175.177433,43,172,0,1,17552341.353328,51,104,0,1,21191169.113021,24,144,0,1,20706330.142627,66,136,0,12,25138289.823944,
3,1553680263,0.595000,11,128,0,1,22387573.901038,10,136,0,1,22497237.421194,35,128,0,1,21498499.817570,
22,1553680263,0.795000,13,160,0,1,19410523.059304,30,144,0,1,22331182.998906,15,180,0,1,19205052.207337,28,164,0,1,19783672.599825,17,156,0,1,21496010.534772,20,132,0,1,21492410.554852,42,164,0,1,20150109.728504,84,152,0,12,21383813.371927,34,184,0,1,18406982.017182,67,156,0,12,20671902.143668,61,160,0,12,22715470.740982,62,148,0,12,23952401.749414,71,112,0,12,23316198.849225,52,128,0,1,20170479.829589,44,164,0,1,19049811.818835,33,96,0,1,19972982.760593,18,100,0,1,22706045.766905,83,116,0,12,23480279.215631,43,172,0,1,17552345.017874,51,104,0,1,21191261.913279,24,144,0,1,20706212.371108,66,136,0,12,25138194.807509,
3,1553680263,0.795000,11,128,0,1,22387540.117417,10,136,0,1,22497157.394495,35,128,0,1,21498349.885299,
22,1553680263,0.995000,13,160,0,1,19410603.173253,30,144,0,1,22331311.240556,15,176,0,1,19205065.033247,28,164,0,1,19783732.890328,17,156,0,1,21495905.344859,20,132,0,1,21492405.790943,42,164,0,1,20150241.442747,84,152,0,12,21383845.515228,34,184,0,1,18406955.545202,67,156,0,12,20671904.953153,61,156,0,12,22715394.553332,62,148,0,12,23952502.733824,71,112,0,12,23316156.759300,52,128,0,1,20170417.253109,44,164,0,1,19049700.085091,33,96,0,1,19973127.824253,18,100,0,1,22705988.879195,83,116,0,12,23480384.039089,43,172,0,1,17552348.822022,51,104,0,1,21191354.835688,24,144,0,1,20706094.669389,66,136,0,12,25138099.756173,
3,1553680263,0.995000,11,128,0,1,22387507.241207,10,136,0,1,22497077.315446,35,132,0,1,21498199.935578,
22,1553680264,0.195000,13,160,0,1,19410683.234852,30,144,0,1,22331439.412405,15,176,0,1,19205077.876608,28,160,0,1,19783793.111029,17,152,0,1,21495800.172397,20,132,0,1,21492401.044484,42,164,0,1,20150373.034839,84,152,0,12,21383877.867932,34,184,0,1,18406929.055771,67,156,0,12,20671907.762638,61,156,0,12,22715318.365681,62,148,0,12,23952603.927637,71,112,0,12,23316110.638374,52,128,0,1,20170354.537026,44,164,0,1,19049588.421147,33,92,0,1,19973272.259705,18,100,0,1,22705931.886784,83,116,0,12,23480488.513543,43,172,0,1,17552352.469117,51,104,0,1,21191446.937937,24,144,0,1,20705976.897870,66,136,0,12,25138004.722287,
3,1553680264,0.195000,11,128,0,1,22387474.714001,10,136,0,1,22496997.114245,35,132,0,1,21498050.020758,
22,1553680264,0.395000,13,160,0,1,19410763.488404,30,144,0,1,22331567.549354,15,176,0,1,19205090.528015,28,164,0,1,19783853.349181,17,152,0,1,21495695.034835,20,132,0,1,21492396.298024,42,164,0,1,20150504.609481,84,152,0,12,21383910.081034,34,184,0,1,18406902.548890,67,156,0,12,20671910.659374,61,156,0,12,22715242.073329,62,148,0,12,23952704.929497,71,112,0,12,23316066.576575,52,128,0,1,20170291.908195,44,164,0,1,19049476.896806,33,92,0,1,19973417.096512,18,100,0,1,22705874.964173,83,116,0,12,23480592.237637,43,172,0,1,17552356.325615,51,104,0,1,21191539.284490,24,144,0,1,20705859.161251,66,136,0,12,25137909.828003,
3,1553680264,0.395000,11,128,0,1,22387439.586712,10,136,0,1,22496917.052646,35,132,0,1,21497900.123387,
22,1553680264,0.595000,13,160,0,1,19410843.637254,30,144,0,1,22331695.756104,15,176,0,1,19205103.336475,28,164,0,1,19783913.709484,17,152,0,1,21495589.827473,20,132,0,1,21492391.499215,42,164,0,1,20150636.201573,84,152,0,12,21383942.416288,34,184,0,1,18406876.059460,67,156,0,12,20671913.660812,61,156,0,12,22715165.798427,62,148,0,12,23952806.105860,71,112,0,12,23316023.526888,52,124,0,1,20170229.227012,44,164,0,1,19049365.389914,33,92,0,1,19973562.072921,18,100,0,1,22705818.250966,83,116,0,12,23480698.265160,43,172,0,1,17552360.129763,51,104,0,1,21191631.578691,24,144,0,1,20705741.442082,66,136,0,12,25137814.846468,
3,1553680264,0.595000,11,128,0,1,22387407.583013,10,136,0,1,22496836.991047,35,132,0,1,21497750.226017,
22,1553680264,0.795000,13,160,0,1,19410923.786104,30,144,0,1,22331823.858152,15,176,0,1,19205116.075134,28,164,0,1,19783974.017436,17,152,0,1,21495484.689911,20,132,0,1,21492386.770206,42,164,0,1,20150767.706414,84,152,0,12,21383974.437437,34,184,0,1,18406849.500228,67,156,0,12,20671916.365595,61,156,0,12,22715089.523526,62,148,0,12,23952907.160070,71,112,0,12,23315979.918793,52,124,0,1,20170166.615631,44,164,0,1,19049253.673620,33,92,0,1,19973707.206382,18,104,0,1,22705761.555208,83,116,0,12,23480802.006704,43,172,0,1,17552363.811759,51,100,0,1,21191724.570902,24,144,0,1,20705623.670562,66,136,0,12,25137719.742781,
3,1553680264,0.795000,11,128,0,1,22387374.410149,10,136,0,1,22496756.946898,35,132,0,1,21497600.293746,
22,1553680264,0.995000,13,160,0,1,19411004.057106,30,144,0,1,22331952.082352,15,176,0,1,19205128.848694,28,164,0,1,19784034.325389,17,152,0,1,21495379.674500,20,132,0,1,21492381.919045,42,164,0,1,20150899.298506,84,152,0,12,21384006.807591,34,184,0,1,18406823.028248,67,156,0,12,20671919.332132,61,160,0,12,22715013.196273,62,148,0,12,23953008.127030,71,112,0,12,23315935.281136,52,124,0,1,20170103.847198,44,164,0,1,19049142.062028,33,92,0,1,19973851.798886,18,100,0,1,22705704.440646,83,116,0,12,23480906.568409,43,172,0,1,17552367.633356,51,100,0,1,21191816.690601,24,144,0,1,20705506.090995,66,136,0,12,25137624.673995,
3,1553680264,0.995000,11,128,0,1,22387341.778242,10,136,0,1,22496676.815499,35,132,0,1,21497450.378926,
22,1553680265,0.195000,13,160,0,1,19411084.258306,30,144,0,1,22332080.201851,15,176,0,1,19205141.726954,28,164,0,1,19784094.615891,17,156,0,1,21495274.519488,20,132,0,1,21492377.067884,42,164,0,1,20151031.030199,84,152,0,12,21384038.881091,34,184,0,1,18406796.626069,67,156,0,12,20671922.193968,61,160,0,12,22714936.903921,62,148,0,12,23953109.181241,71,112,0,12,23315890.765631,52,124,0,1,20170041.218366,44,164,0,1,19049030.432985,33,92,0,1,19973996.810196,18,104,0,1,22705647.936841,83,116,0,12,23481011.165014,43,172,0,1,17552371.350253,51,100,0,1,21191909.316357,24,144,0,1,20705388.371826,66,136,0,12,25137529.552858,
3,1553680265,0.195000,11,128,0,1,22387309.634941,10,136,0,1,22496596.771350,35,132,0,1,21497300.551356,
22,1553680265,0.395000,13,160,0,1,19411164.564208,30,144,0,1,22332208.356250,15,176,0,1,19205154.570315,28,164,0,1,19784155.011095,17,156,0,1,21495169.434277,20,132,0,1,21492372.251624,42,164,0,1,20151162.639742,84,152,0,12,21384071.129094,34,184,0,1,18406770.171539,67,156,0,12,20671925.090704,61,160,0,12,22714860.576669,62,148,0,12,23953210.392504,71,112,0,12,23315848.030048,52,128,0,1,20169978.694236,44,164,0,1,19048918.908643,33,92,0,1,19974141.228198,18,104,0,1,22705591.014230,83,116,0,12,23481115.360264,43,172,0,1,17552375.102049,51,100,0,1,21192001.523307,24,144,0,1,20705270.652657,66,136,0,12,25137434.501522,
3,1553680265,0.395000,11,128,0,1,22387276.025821,10,136,0,1,22496516.709751,35,132,0,1,21497150.758687,
22,1553680265,0.595000,13,160,0,1,19411244.625807,30,144,0,1,22332336.563000,15,176,0,1,19205167.343874,28,164,0,1,19784215.353948,17,156,0,1,21495064.383966,20,128,0,1,21492367.452815,42,160,0,1,20151294.266734,84,152,0,12,21384103.289845,34,184,0,1,18406743.734459,67,156,0,12,20671928.039791,61,160,0,12,22714784.266867,62,148,0,12,23953311.481615,71,112,0,12,23315806.044824,52,128,0,1,20169916.047955,44,164,0,1,19048807.314501,33,92,0,1,19974286.710663,18,104,0,1,22705534.353373,83,112,0,12,23481220.689779,43,172,0,1,17552378.888747,51,100,0,1,21192093.084600,24,148,0,1,20705153.003289,66,136,0,12,25137339.659588,
3,1553680265,0.595000,11,128,0,1,22387242.538854,10,136,0,1,22496436.683052,35,132,0,1,21497000.878767,
22,1553680265,0.795000,13,160,0,1,19411324.827008,30,144,0,1,22332464.630148,15,176,0,1,19205180.169784,28,164,0,1,19784275.574649,17,156,0,1,21494959.228954,20,128,0,1,21492362.723806,42,160,0,1,20151425.736675,84,156,0,12,21384135.555298,34,184,0,1,18406717.192678,67,156,0,12,20671930.814376,61,160,0,12,22714708.306069,62,148,0,12,23953412.640528,71,112,0,12,23315761.948124,52,128,0,1,20169853.506374,44,164,0,1,19048695.720358,33,96,0,1,19974432.001176,18,100,0,1,22705477.797218,83,112,0,12,23481324.570925,43,172,0,1,17552382.745245,51,100,0,1,21192185.535853,24,148,0,1,20705035.266670,66,136,0,12,25137244.573352,
3,1553680265,0.795000,11,128,0,1,22387209.226388,10,140,0,1,22496356.691254,35,132,0,1,21496851.016297,
22,1553680265,0.995000,13,160,0,1,19411405.045659,30,144,0,1,22332592.784547,15,176,0,1,19205192.995694,28,164,0,1,19784335.795351,17,156,0,1,21494854.073942,20,128,0,1,21492357.942446,42,160,0,1,20151557.293866,84,156,0,12,21384167.838200,34,184,0,1,18406690.790498,67,156,0,12,20671933.676211,61,160,0,12,22714632.135868,62,148,0,12,23953513.607488,71,112,0,12,23315718.880986,52,124,0,1,20169790.877543,44,164,0,1,19048584.143666,33,96,0,1,19974576.803083,18,100,0,1,22705421.031659,83,112,0,12,23481430.528647,43,172,0,1,17552386.479591,51,100,0,1,21192277.987107,24,148,0,1,20704917.512601,66,136,0,12,25137149.556916,
3,1553680265,0.995000,11,124,0,1,22387177.309940,10,140,0,1,22496276.629655,35,132,0,1,21496701.188727,
22,1553680266,0.195000,13,160,0,1,19411485.281760,30,144,0,1,22332720.886595,15,176,0,1,19205205.734353,28,164,0,1,19784396.208004,17,156,0,1,21494748.796778,20,128,0,1,21492353.230887,42,160,0,1,20151688.885958,84,156,0,12,21384200.138553,34,184,0,1,18406664.266167,67,156,0,12,20671936.503147,61,160,0,12,22714555.843516,62,148,0,12,23953614.556997,71,112,0,12,23315675.098390,52,124,0,1,20169728.335962,44,164,0,1,19048472.479723,33,96,0,1,19974721.849293,18,100,0,1,22705364.283551,83,112,0,12,23481534.793698,43,172,0,1,17552390.301189,51,100,0,1,21192369.705451,24,148,0,1,20704799.688731,66,136,0,12,25137054.680082,
3,1553680266,0.195000,11,124,0,1,22387144.992136,10,140,0,1,22496196.602957,35,132,0,1,21496551.256457,
22,1553680266,0.395000,13,160,0,1,19411565.395710,30,144,0,1,22332849.040994,15,176,0,1,19205218.542813,28,164,0,1,19784456.463606,17,156,0,1,21494643.729017,20,128,0,1,21492348.397177,42,160,0,1,20151820.443150,84,156,0,12,21384232.438906,34,184,0,1,18406637.951239,67,156,0,12,20671939.452233,61,160,0,12,22714479.638416,62,148,0,12,23953715.646109,71,112,0,12,23315632.694361,52,124,0,1,20169665.776932,44,164,0,1,19048360.937931,33,96,0,1,19974866.441797,18,100,0,1,22705306.697833,83,112,0,12,23481639.268151,43,172,0,1,17552394.157687,51,100,0,1,21192462.121805,24,148,0,1,20704682.039363,66,136,0,12,25136959.698547,
3,1553680266,0.395000,11,124,0,1,22387111.435368,10,140,0,1,22496116.558808,35,132,0,1,21496401.359086,
22,1553680266,0.595000,13,160,0,1,19411645.579460,30,144,0,1,22332977.108142,15,176,0,1,19205231.403623,28,164,0,1,19784516.579606,17,156,0,1,21494538.539105,20,128,0,1,21492343.546016,42,160,0,1,20151951.930540,84,156,0,12,21384264.686909,34,184,0,1,18406611.531609,67,156,0,12,20671942.226818,61,156,0,12,22714403.363514,62,148,0,12,23953816.665419,71,112,0,12,23315587.271444,52,124,0,1,20169603.165551,44,164,0,1,19048249.396139,33,100,0,1,19975010.859799,18,104,0,1,22705249.740322,83,112,0,12,23481742.870094,43,172,0,1,17552397.892034,51,100,0,1,21192554.887162,24,148,0,1,20704564.372544,66,136,0,12,25136864.525060,
3,1553680266,0.595000,11,124,0,1,22387078.820911,10,140,0,1,22496036.532109,35,132,0,1,21496251.479166,
22,1553680266,0.795000,13,160,0,1,19411725.798111,30,144,0,1,22333105.210191,15,176,0,1,19205244.177183,28,164,0,1,19784576.852658,17,156,0,1,21494433.157240,20,128,0,1,21492338.712306,42,160,0,1,20152083.348130,84,156,0,12,21384296.673158,34,184,0,1,18406585.059629,67,156,0,12,20671945.053753,61,156,0,12,22714327.036261,62,148,0,12,23953917.719630,71,108,0,12,23315541.412272,52,124,0,1,20169540.554169,44,164,0,1,19048137.801997,33,100,0,1,19975155.452303,18,104,0,1,22705192.817712,83,112,0,12,23481846.402236,43,172,0,1,17552401.539129,51,100,0,1,21192647.181364,24,148,0,1,20704446.566125,66,136,0,12,25136769.334122,
3,1553680266,0.795000,11,124,0,1,22387046.031952,10,140,0,1,22495956.435610,35,132,0,1,21496101.564345,
22,1553680266,0.995000,13,160,0,1,19411805.964412,30,144,0,1,22333233.416941,15,176,0,1,19205257.072894,28,164,0,1,19784637.195511,17,156,0,1,21494327.880076,20,128,0,1,21492333.930946,42,160,0,1,20152214.940222,84,156,0,12,21384328.764108,34,184,0,1,18406558.605099,67,156,0,12,20671947.828338,61,156,0,12,22714250.831161,62,148,0,12,23954018.861092,71,108,0,12,23315496.984017,52,124,0,1,20169477.960238,44,164,0,1,19048026.242755,33,100,0,1,19975300.271660,18,104,0,1,22705136.017253,83,112,0,12,23481950.824339,43,172,0,1,17552405.273476,51,100,0,1,21192740.365526,24,148,0,1,20704328.759705,66,136,0,12,25136674.178085,
3,1553680266,0.995000,11,124,0,1,22387012.736936,10,140,0,1,22495876.461262,35,132,0,1,21495951.701876,
22,1553680267,0.195000,13,160,0,1,19411886.375015,30,144,0,1,22333361.588790,15,176,0,1,19205269.881353,28,164,0,1,19784697.590715,17,156,0,1,21494222.777415,20,128,0,1,21492329.044885,42,160,0,1,20152346.497414,84,156,0,12,21384361.047011,34,184,0,1,18406532.185469,67,156,0,12,20671950.794875,61,156,0,12,22714174.713311,62,148,0,12,23954119.845502,71,108,0,12,23315454.004131,52,124,0,1,20169415.401208,44,164,0,1,19047914.718413,33,100,0,1,19975445.701775,18,104,0,1,22705080.106755,83,112,0,12,23482055.979351,43,172,0,1,17552409.077623,51,100,0,1,21192832.537576,24,148,0,1,20704211.040536,66,136,0,12,25136579.109298,
3,1553680267,0.195000,11,120,0,1,22386980.541284,10,136,0,1,22495796.399663,35,132,0,1,21495801.909206,
22,1553680267,0.395000,13,160,0,1,19411966.558765,30,144,0,1,22333489.725739,15,176,0,1,19205282.742164,28,164,0,1,19784758.020819,17,156,0,1,21494117.622403,20,128,0,1,21492324.246075,42,164,0,1,20152478.037155,84,156,0,12,21384393.295014,34,184,0,1,18406505.835640,67,156,0,12,20671953.656711,61,156,0,12,22714098.420959,62,148,0,12,23954220.760111,71,112,0,12,23315410.483288,52,124,0,1,20169352.807277,44,164,0,1,19047803.316223,33,100,0,1,19975590.660734,18,104,0,1,22705023.934505,83,112,0,12,23482160.820259,43,172,0,1,17552412.934122,51,100,0,1,21192924.953930,24,148,0,1,20704093.338817,66,136,0,12,25136484.040512,
3,1553680267,0.395000,11,120,0,1,22386946.077104,10,136,0,1,22495716.355514,35,132,0,1,21495651.994386,
22,1553680267,0.595000,13,160,0,1,19412046.725066,30,144,0,1,22333617.862688,15,176,0,1,19205295.690225,28,164,0,1,19784818.328771,17,156,0,1,21494012.502291,20,128,0,1,21492319.569417,42,160,0,1,20152609.576896,84,156,0,12,21384425.473215,34,184,0,1,18406479.328760,67,156,0,12,20671956.448746,61,156,0,12,22714022.093706,62,148,0,12,23954321.884123,71,112,0,12,23315366.316787,52,124,0,1,20169290.073744,44,164,0,1,19047691.756981,33,100,0,1,19975735.462640,18,104,0,1,22704967.413249,83,112,0,12,23482265.155111,43,172,0,1,17552416.651018,51,100,0,1,21193017.003828,24,148,0,1,20703975.602198,66,136,0,12,25136389.198579,
3,1553680267,0.595000,11,120,0,1,22386914.736513,10,136,0,1,22495636.189214,35,128,0,1,21495502.184267,
22,1553680267,0.795000,13,160,0,1,19412126.856466,30,144,0,1,22333745.999636,15,172,0,1,19205308.516135,28,164,0,1,19784878.619274,17,156,0,1,21493907.294928,20,128,0,1,21492314.840408,42,160,0,1,20152741.273689,84,156,0,12,21384457.773568,34,184,0,1,18406453.048732,67,156,0,12,20671959.328031,61,156,0,12,22713945.766454,62,148,0,12,23954422.990685,71,112,0,12,23315320.876420,52,124,0,1,20169228.823480,44,164,0,1,19047580.215189,33,100,0,1,19975881.381361,18,104,0,1,22704910.822193,83,112,0,12,23482369.088608,43,172,0,1,17552420.437715,51,100,0,1,21193109.769186,24,148,0,1,20703857.830678,66,136,0,12,25136294.374095,
3,1553680267,0.795000,11,120,0,1,22386881.075043,10,136,0,1,22495556.040364,35,128,0,1,21495352.339247,
22,1553680267,0.995000,13,160,0,1,19412207.162368,30,140,0,1,22333874.154036,15,172,0,1,19205321.376946,28,164,0,1,19784939.014477,17,156,0,1,21493802.139916,20,128,0,1,21492310.128849,42,160,0,1,20152872.883232,84,156,0,12,21384489.899419,34,184,0,1,18406426.664002,67,156,0,12,20671962.015365,61,156,0,12,22713869.369401,62,148,0,12,23954524.097246,71,112,0,12,23315274.964897,52,124,0,1,20169165.060384,44,164,0,1,19047468.760649,33,100,0,1,19976027.369883,18,104,0,1,22704853.934483,83,112,0,12,23482473.842265,43,172,0,1,17552424.294213,51,100,0,1,21193201.435179,24,148,0,1,20703740.059159,66,136,0,12,25136199.322759,
3,1553680267,0.995000,11,120,0,1,22386848.495487,10,136,0,1,22495476.013665,35,128,0,1,21495202.598928,
22,1553680268,0.195000,13,160,0,1,19412287.520620,30,144,0,1,22334002.378236,15,172,0,1,19205334.167956,28,164,0,1,19784999.304980,17,156,0,1,21493697.072155,20,128,0,1,21492305.347490,42,160,0,1,20153004.545125,84,156,0,12,21384522.112521,34,184,0,1,18406400.314174,67,156,0,12,20671964.929551,61,156,0,12,22713793.303902,62,148,0,12,23954625.186358,71,112,0,12,23315230.257439,52,124,0,1,20169102.675856,44,164,0,1,19047357.183956,33,100,0,1,19976172.154339,18,104,0,1,22704798.704544,83,112,0,12,23482577.252255,43,172,0,1,17552428.133261,51,100,0,1,21193293.450178,24,144,0,1,20703622.252739,66,136,0,12,25136104.271423,
3,1553680268,0.195000,11,120,0,1,22386816.160233,10,136,0,1,22495395.969516,35,128,0,1,21495052.666658,
22,1553680268,0.395000,13,164,0,1,19412367.861423,30,144,0,1,22334130.462834,15,172,0,1,19205347.098567,28,164,0,1,19785059.787434,17,156,0,1,21493591.986944,20,128,0,1,21492300.601030,42,160,0,1,20153136.032515,84,156,0,12,21384554.325623,34,184,0,1,18406373.929444,67,156,0,12,20671967.808837,61,156,0,12,22713717.098801,62,148,0,12,23954726.380170,71,112,0,12,23315185.829185,52,124,0,1,20169039.540968,44,164,0,1,19047245.537463,33,100,0,1,19976317.532103,18,104,0,1,22704743.090700,83,112,0,12,23482681.238103,43,172,0,1,17552431.972309,51,100,0,1,21193386.058483,24,144,0,1,20703504.568471,66,136,0,12,25136009.324789,
3,1553680268,0.395000,11,120,0,1,22386783.092071,10,136,0,1,22495315.995169,35,128,0,1,21494902.804188,
22,1553680268,0.595000,13,160,0,1,19412448.027723,30,144,0,1,22334258.564882,15,172,0,1,19205359.889576,28,164,0,1,19785120.112837,17,156,0,1,21493486.831932,20,128,0,1,21492295.697519,42,160,0,1,20153267.711858,84,156,0,12,21384586.573625,34,184,0,1,18406347.614516,67,156,0,12,20671970.670673,61,156,0,12,22713640.928600,62,148,0,12,23954827.521632,71,112,0,12,23315141.523082,52,128,0,1,20168979.686721,44,164,0,1,19047133.960771,33,104,0,1,19976462.770266,18,104,0,1,22704688.174865,83,112,0,12,23482786.026660,43,172,0,1,17552435.706656,51,100,0,1,21193478.125832,24,144,0,1,20703386.849302,66,136,0,12,25135914.308353,
3,1553680268,0.595000,11,120,0,1,22386750.826618,10,136,0,1,22495235.951020,35,128,0,1,21494752.976618,
22,1553680268,0.795000,13,164,0,1,19412528.281275,30,144,0,1,22334386.823983,15,172,0,1,19205372.802738,28,164,0,1,19785180.368439,17,156,0,1,21493381.624569,20,128,0,1,21492290.933610,42,160,0,1,20153399.146898,84,156,0,12,21384618.769277,34,184,0,1,18406321.282138,67,156,0,12,20671973.567409,61,156,0,12,22713564.706049,62,148,0,12,23954928.610744,71,112,0,12,23315096.920326,52,124,0,1,20168916.813586,44,164,0,1,19047022.401529,33,104,0,1,19976607.851376,18,104,0,1,22704632.002614,83,112,0,12,23482890.344062,43,172,0,1,17552439.406102,51,100,0,1,21193569.948878,24,144,0,1,20703269.060332,66,136,0,12,25135819.239567,
3,1553680268,0.795000,11,120,0,1,22386718.439014,10,136,0,1,22495155.906871,35,132,0,1,21494603.183949,
22,1553680268,0.995000,13,164,0,1,19412608.691878,30,144,0,1,22334515.030732,15,172,0,1,19205385.733349,28,164,0,1,19785240.606591,17,156,0,1,21493276.452107,20,128,0,1,21492286.222051,42,160,0,1,20153530.721540,84,156,0,12,21384651.087080,34,184,0,1,18406294.932309,67,160,0,12,20671976.464145,61,156,0,12,22713488.500948,62,148,0,12,23955029.630054,71,112,0,12,23315051.951114,52,124,0,1,20168855.353920,44,164,0,1,19046910.859737,33,104,0,1,19976753.019737,18,104,0,1,22704576.510922,83,112,0,12,23482995.795728,43,172,0,1,17552443.192799,51,100,0,1,21193662.068577,24,144,0,1,20703151.288812,66,136,0,12,25135724.327833,
3,1553680268,0.995000,11,120,0,1,22386685.876908,10,136,0,1,22495075.915073,35,132,0,1,21494453.304029,
22,1553680269,0.195000,13,164,0,1,19412688.945429,30,144,0,1,22334643.254932,15,172,0,1,19205398.559259,28,164,0,1,19785300.914543,17,156,0,1,21493171.209844,20,128,0,1,21492281.527942,42,160,0,1,20153662.243831,84,156,0,12,21384683.474684,34,184,0,1,18406268.530129,67,160,0,12,20671979.168929,61,156,0,12,22713412.435449,62,148,0,12,23955130.736616,71,112,0,12,23315007.662462,52,124,0,1,20168792.829789,44,164,0,1,19046799.283045,33,104,0,1,19976897.908895,18,104,0,1,22704520.635324,83,112,0,12,23483101.177593,43,172,0,1,17552446.944596,51,100,0,1,21193754.135926,24,144,0,1,20703033.534743,66,136,0,12,25135629.381198,
3,1553680269,0.195000,11,120,0,1,22386654.466516,10,136,0,1,22494995.818574,35,128,0,1,21494303.389208,
22,1553680269,0.395000,13,164,0,1,19412769.268782,30,144,0,1,22334771.426782,15,172,0,1,19205411.454970,28,160,0,1,19785361.327197,17,156,0,1,21493066.072282,20,128,0,1,21492276.816384,42,160,0,1,20153793.783572,84,156,0,12,21384715.775037,34,184,0,1,18406242.145400,67,160,0,12,20671982.065665,61,156,0,12,22713336.265249,62,148,0,12,23955231.843177,71,112,0,12,23314963.443610,52,124,0,1,20168728.839841,44,164,0,1,19046687.793604,33,104,0,1,19977043.339010,18,104,0,1,22704464.794628,83,112,0,12,23483206.210453,43,172,0,1,17552450.783644,51,100,0,1,21193846.430128,24,148,0,1,20702915.710873,66,136,0,12,25135534.504364,
3,1553680269,0.395000,11,120,0,1,22386619.897634,10,136,0,1,22494915.809325,35,128,0,1,21494153.439487,
22,1553680269,0.595000,13,164,0,1,19412849.644484,30,144,0,1,22334899.563730,15,172,0,1,19205424.437932,28,160,0,1,19785421.652600,17,156,0,1,21492960.952170,20,128,0,1,21492272.122275,42,160,0,1,20153925.358214,84,156,0,12,21384748.075390,34,184,0,1,18406215.795571,67,160,0,12,20671984.875150,61,156,0,12,22713259.937996,62,148,0,12,23955333.019540,71,112,0,12,23314918.980455,52,128,0,1,20168665.478100,44,164,0,1,19046576.373964,33,104,0,1,19977187.809362,18,104,0,1,22704408.884130,83,112,0,12,23483310.615106,43,172,0,1,17552454.692493,51,100,0,1,21193938.584727,24,144,0,1,20702797.974254,66,136,0,12,25135439.540279,
3,1553680269,0.595000,11,120,0,1,22386588.190589,10,136,0,1,22494835.817527,35,128,0,1,21494003.524667,
22,1553680269,0.795000,13,164,0,1,19412929.810785,30,144,0,1,22335027.665779,15,172,0,1,19205437.316193,28,160,0,1,19785481.960552,17,156,0,1,21492855.797158,20,128,0,1,21492267.375816,42,160,0,1,20154056.897956,84,156,0,12,21384780.340843,34,184,0,1,18406189.498093,67,160,0,12,20671987.859137,61,156,0,12,22713183.436242,62,148,0,12,23955434.091201,71,112,0,12,23314874.726703,52,124,0,1,20168604.646641,44,164,0,1,19046464.779821,33,104,0,1,19977332.436767,18,104,0,1,22704352.554827,83,112,0,12,23483414.897607,43,172,0,1,17552458.479190,51,96,0,1,21194030.931280,24,144,0,1,20702680.255085,66,136,0,12,25135344.523843,
3,1553680269,0.795000,11,120,0,1,22386556.343941,10,136,0,1,22494755.738478,35,128,0,1,21493853.662197,
22,1553680269,0.995000,13,164,0,1,19413010.169037,30,144,0,1,22335155.855078,15,172,0,1,19205450.194453,28,160,0,1,19785542.251054,17,156,0,1,21492750.572345,20,128,0,1,21492262.646807,42,160,0,1,20154188.507498,84,156,0,12,21384812.431793,34,184,0,1,18406163.061013,67,160,0,12,20671990.598822,61,156,0,12,22713107.074089,62,148,0,12,23955535.250113,71,112,0,12,23314830.630003,52,124,0,1,20168541.948009,44,164,0,1,19046353.272930,33,104,0,1,19977477.081622,18,104,0,1,22704296.469827,83,112,0,12,23483520.262022,43,172,0,1,17552462.300788,51,96,0,1,21194123.103330,24,144,0,1,20702562.518466,66,136,0,12,25135249.455057,
3,1553680269,0.995000,11,120,0,1,22386523.816736,10,136,0,1,22494675.641978,35,128,0,1,21493703.834627,
22,1553680270,0.195000,13,164,0,1,19413090.509840,30,140,0,1,22335283.974577,15,172,0,1,19205463.159965,28,160,0,1,19785602.698609,17,156,0,1,21492645.417333,20,128,0,1,21492257.987599,42,160,0,1,20154320.239191,84,156,0,12,21384844.801947,34,184,0,1,18406136.693734,67,160,0,12,20671993.478108,61,156,0,12,22713030.956239,62,148,0,12,23955636.356675,71,112,0,12,23314786.917207,52,124,0,1,20168480.802446,44,164,0,1,19046241.713688,33,104,3,1,19977622.773490,18,104,0,1,22704240.262676,83,112,0,12,23483624.771376,43,172,0,1,17552466.139835,51,96,0,1,21194215.240480,24,144,0,1,20702444.816747,66,136,0,12,25135154.351371,
3,1553680270,0.195000,11,116,0,1,22386491.202279,10,136,0,1,22494595.615280,35,128,0,1,21493553.989607,
22,1553680270,0.395000,13,164,0,1,19413170.937893,30,140,0,1,22335412.024275,15,172,0,1,19205475.985875,28,160,0,1,19785663.024011,17,156,0,1,21492540.244871,20,128,0,1,21492253.153888,42,160,0,1,20154451.935985,84,156,0,12,21384877.015049,34,184,0,1,18406110.117053,67,160,0,12,20671996.409744,61,156,0,12,22712954.716238,62,148,0,12,23955737.480687,71,112,0,12,23314742.488953,52,124,0,1,20168417.405805,44,164,0,1,19046130.084645,33,104,2,1,19977768.517708,18,104,0,1,22704183.881023,83,112,0,12,23483729.577384,43,172,0,1,17552470.066134,51,100,0,1,21194307.953486,24,144,0,1,20702327.010327,66,136,0,12,25135059.474537,
3,1553680270,0.395000,11,116,0,1,22386458.291168,10,136,0,1,22494515.553681,35,128,0,1,21493404.057337,
22,1553680270,0.595000,13,164,0,1,19413251.278696,30,140,0,1,22335540.091423,15,172,0,1,19205488.864136,28,160,0,1,19785723.349414,17,156,0,1,21492435.107309,20,128,0,1,21492248.389979,42,160,0,1,20154583.510626,84,156,0,12,21384909.193251,34,184,0,1,18406083.732323,67,160,0,12,20671999.149428,61,156,0,12,22712878.528587,62,148,0,12,23955838.639599,71,112,0,12,23314698.636556,52,124,0,1,20168353.241354,44,164,0,1,19046018.542853,33,104,2,1,19977914.122325,18,104,0,1,22704128.982638,83,112,0,12,23483834.278690,43,172,0,1,17552473.922633,51,100,0,1,21194400.718844,24,144,0,1,20702209.186457,66,136,0,12,25134964.493002,
3,1553680270,0.595000,11,120,0,1,22386425.449858,10,136,0,1,22494435.596783,35,128,0,1,21493254.229767,
22,1553680270,0.795000,13,164,0,1,19413331.532247,30,140,0,1,22335668.176021,15,172,0,1,19205501.794747,28,160,0,1,19785783.639916,17,156,0,1,21492329.952297,20,128,0,1,21492243.678420,42,160,0,1,20154714.998017,84,156,0,12,21384941.441253,34,184,0,1,18406057.452296,67,160,0,12,20672001.958913,61,156,0,12,22712802.323486,62,148,0,12,23955939.676359,71,112,0,12,23314655.255315,52,128,0,1,20168292.078341,44,164,0,1,19045907.088312,33,104,2,1,19978058.854431,18,104,0,1,22704072.688235,83,112,0,12,23483937.566529,43,172,0,1,17552477.761680,51,100,0,1,21194492.943245,24,144,0,1,20702091.432388,66,136,0,12,25134869.685969,
3,1553680270,0.795000,11,120,0,1,22386391.997791,10,136,0,1,22494355.622435,35,128,0,1,21493104.367297,
22,1553680270,0.995000,13,164,0,1,19413411.925400,30,140,0,1,22335796.347870,15,172,0,1,19205514.830060,28,160,0,1,19785844.017670,17,156,0,1,21492224.710033,20,128,0,1,21492238.984312,42,160,0,1,20154846.572659,84,156,0,12,21384973.811407,34,184,0,1,18406031.085016,67,160,0,12,20672004.908000,61,156,0,12,22712726.100935,62,148,0,12,23956040.835272,71,112,0,12,23314610.792160,52,128,0,1,20168230.636124,44,164,0,1,19045795.686122,33,104,2,1,19978204.825502,18,104,0,1,22704017.161642,83,112,0,12,23484041.639628,43,172,0,1,17552481.653079,51,100,0,1,21194585.411948,24,148,0,1,20701973.678318,66,136,0,12,25134774.564832,
3,1553680270,0.995000,11,120,0,1,22386361.285408,10,136,0,1,22494275.752789,35,128,0,1,21492954.592078,
22,1553680271,0.195000,13,164,0,1,19413492.213852,30,140,0,1,22335924.484819,15,172,0,1,19205527.830472,28,160,0,1,19785904.465224,17,156,0,1,21492119.572472,20,128,0,1,21492234.307653,42,160,0,1,20154978.077500,84,156,0,12,21385005.989609,34,184,0,1,18406004.682837,67,160,0,12,20672007.857087,61,156,0,12,22712649.948185,62,148,0,12,23956141.994184,71,112,0,12,23314566.835061,52,128,0,1,20168169.682514,44,164,0,1,19045684.179231,33,104,2,1,19978350.534821,18,104,0,1,22703961.443097,83,112,0,12,23484146.463086,43,172,0,1,17552485.422326,51,100,0,1,21194677.182644,24,148,0,1,20701855.959150,66,136,0,12,25134679.478595,
3,1553680271,0.195000,11,120,0,1,22386326.646725,10,136,0,1,22494195.691190,35,128,0,1,21492804.781959,
22,1553680271,0.395000,13,164,0,1,19413572.554655,30,140,0,1,22336052.621768,15,172,0,1,19205540.761083,28,160,0,1,19785964.755726,17,156,0,1,21492014.469810,20,128,0,1,21492229.613545,42,160,0,1,20155109.669592,84,156,0,12,21385038.255061,34,184,0,1,18405978.333008,67,160,0,12,20672010.788724,61,156,0,12,22712573.865236,62,148,0,12,23956243.065845,71,112,0,12,23314522.179954,52,124,0,1,20168107.245635,44,164,0,1,19045572.794491,33,104,2,1,19978495.842784,18,108,0,1,22703905.654751,83,112,0,12,23484251.356344,43,172,0,1,17552489.209023,51,100,0,1,21194769.878200,24,144,0,1,20701738.309782,66,136,0,12,25134584.636662,
3,1553680271,0.395000,11,120,0,1,22386292.199996,10,136,0,1,22494115.804093,35,128,0,1,21492654.954389,
22,1553680271,0.595000,13,164,0,1,19413652.878007,30,140,0,1,22336180.793617,15,172,0,1,19205553.778946,28,160,0,1,19786025.063679,17,156,0,1,21491909.349698,20,128,0,1,21492224.901986,42,160,0,1,20155241.331485,84,152,0,12,21385070.572864,34,184,0,1,18405951.930829,67,160,0,12,20672013.615659,61,156,0,12,22712497.590334,62,148,0,12,23956344.032805,71,112,0,12,23314478.030903,52,124,0,1,20168045.140310,44,164,0,1,19045461.270150,33,104,2,1,19978640.330587,18,108,0,1,22703849.552301,83,112,0,12,23484355.429443,43,172,0,1,17552492.960820,51,100,0,1,21194861.823397,24,144,0,1,20701620.520812,66,136,0,12,25134489.777278,
3,1553680271,0.595000,11,120,0,1,22386260.126495,10,136,0,1,22494035.864645,35,128,0,1,21492505.039569,
22,1553680271,0.795000,13,164,0,1,19413733.166459,30,140,0,1,22336309.087618,15,172,0,1,19205566.761908,28,160,0,1,19786085.476333,17,156,0,1,21491804.247037,20,128,0,1,21492220.242778,42,160,0,1,20155373.028278,84,152,0,12,21385102.838317,34,184,0,1,18405925.423948,67,160,0,12,20672016.599646,61,156,0,12,22712421.420134,62,148,0,12,23956445.069566,71,112,0,12,23314433.707350,52,124,0,1,20167982.738331,44,164,0,1,19045349.798159,33,104,2,1,19978785.656000,18,108,0,1,22703794.200210,83,112,0,12,23484459.799195,43,172,0,1,17552496.764968,51,100,0,1,21194954.204850,24,144,0,1,20701502.888894,66,136,0,12,25134394.708492,
3,1553680271,0.795000,11,120,0,1,22386226.063670,10,136,0,1,22493955.977549,35,128,0,1,21492355.229450,
22,1553680271,0.995000,13,164,0,1,19413813.385110,30,140,0,1,22336437.224567,15,172,0,1,19205579.692519,28,160,0,1,19786145.836636,17,156,0,1,21491699.039674,20,128,0,1,21492215.426518,42,156,0,1,20155504.707621,84,152,0,12,21385135.103770,34,184,0,1,18405899.213721,67,160,0,12,20672019.635984,61,156,0,12,22712345.180132,62,148,0,12,23956546.228478,71,112,0,12,23314389.505949,52,124,0,1,20167919.900097,44,164,0,1,19045238.361068,33,100,2,1,19978930.806911,18,108,0,1,22703738.603816,83,112,0,12,23484564.465601,43,172,0,1,17552500.604015,51,100,0,1,21195046.656104,24,144,0,1,20701385.169725,66,136,0,12,25134299.744407,
3,1553680271,0.995000,11,120,0,1,22386195.106984,10,136,0,1,22493875.985750,35,128,0,1,21492205.314629,
22,1553680272,0.195000,13,164,0,1,19413893.743362,30,140,0,1,22336565.431317,15,172,0,1,19205592.832533,28,160,0,1,19786206.249290,17,156,0,1,21491593.832311,20,128,0,1,21492210.697509,42,156,0,1,20155636.264812,84,152,0,12,21385167.247071,34,184,0,1,18405872.898793,67,160,0,12,20672022.515270,61,156,0,12,22712269.062282,62,148,0,12,23956647.457191,71,112,0,12,23314345.147495,52,124,0,1,20167857.341067,44,164,0,1,19045126.871627,33,100,2,1,19979075.905472,18,108,0,1,22703683.129574,83,112,0,12,23484668.940055,43,172,0,1,17552504.600115,51,100,0,1,21195139.212059,24,148,0,1,20701267.555258,66,136,0,12,25134204.727971,
3,1553680272,0.195000,11,120,0,1,22386161.829419,10,136,0,1,22493795.976502,35,124,0,1,21492055.417259,
22,1553680272,0.395000,13,164,0,1,19413974.101615,30,140,0,1,22336693.550815,15,176,0,1,19205605.832945,28,160,0,1,19786266.784095,17,156,0,1,21491488.624949,20,128,0,1,21492206.038300,42,156,0,1,20155767.822004,84,152,0,12,21385199.442722,34,184,0,1,18405846.601315,67,160,0,12,20672025.377106,61,156,0,12,22712192.961883,62,148,0,12,23956748.738255,71,112,0,12,23314301.260197,52,124,0,1,20167794.101477,44,168,0,1,19045015.347286,33,100,2,1,19979220.480526,18,108,3,1,22703627.864735,83,112,0,12,23484773.484309,43,172,0,1,17552508.456613,51,100,0,1,21195231.663312,24,148,0,1,20701149.888439,66,136,0,12,25134109.554484,
3,1553680272,0.395000,11,120,0,1,22386130.052572,10,136,0,1,22493716.054505,35,128,0,1,21491905.659490,
22,1553680272,0.595000,13,164,0,1,19414054.442418,30,140,0,1,22336821.792466,15,176,0,1,19205618.885708,28,160,0,1,19786327.126948,17,156,0,1,21491383.452486,20,128,0,1,21492201.361642,42,156,0,1,20155899.536248,84,152,0,12,21385231.743075,34,184,0,1,18405820.216585,67,160,0,12,20672028.291292,61,156,0,12,22712116.669531,62,148,0,12,23956849.600513,71,112,0,12,23314256.866844,52,124,0,1,20167730.984040,44,168,0,1,19044903.979996,33,100,2,1,19979365.160281,18,108,2,1,22703571.866986,83,112,0,12,23484878.255417,43,172,0,1,17552512.365462,51,100,0,1,21195323.835362,24,148,0,1,20701032.221621,66,136,0,12,25134014.520598,
3,1553680272,0.595000,11,120,0,1,22386097.909271,10,136,0,1,22493636.184858,35,128,0,1,21491755.901721,
22,1553680272,0.795000,13,164,0,1,19414134.643618,30,140,0,1,22336950.034116,15,176,0,1,19205631.921021,28,164,0,1,19786387.522151,17,152,0,1,21491278.384725,20,128,0,1,21492196.754785,42,156,0,1,20156031.145790,84,152,0,12,21385264.060879,34,184,0,1,18405793.866757,67,160,0,12,20672031.135677,61,156,0,12,22712040.377179,62,148,0,12,23956950.672174,71,112,0,12,23314212.403689,52,124,0,1,20167668.616962,44,168,0,1,19044792.577806,33,100,2,1,19979510.520595,18,108,2,1,22703515.869237,83,112,0,12,23484982.590269,43,172,0,1,17552516.256861,51,100,0,1,21195416.862473,24,148,0,1,20700914.467552,66,136,0,12,25133919.382011,
3,1553680272,0.795000,11,124,0,1,22386065.626368,10,136,0,1,22493556.297761,35,128,0,1,21491605.986901,
22,1553680272,0.995000,13,164,0,1,19414214.966971,30,140,0,1,22337078.258316,15,176,0,1,19205644.921433,28,164,0,1,19786447.899905,17,152,0,1,21491173.282064,20,128,0,1,21492192.200278,42,160,0,1,20156162.685531,84,152,0,12,21385296.134379,34,184,0,1,18405767.673980,67,160,0,12,20672034.311617,61,156,0,12,22711964.189528,62,148,0,12,23957051.813636,71,112,0,12,23314168.184837,52,124,0,1,20167606.878091,44,168,0,1,19044681.193066,33,100,2,1,19979656.107761,18,108,2,1,22703460.604398,83,112,0,12,23485087.431177,43,172,0,1,17552520.165710,51,100,0,1,21195509.243926,24,144,0,1,20700796.748383,66,136,0,12,25133824.400476,
3,1553680272,0.995000,11,124,0,1,22386032.069600,10,136,0,1,22493476.358314,35,128,0,1,21491456.211682,
22,1553680273,0.195000,13,164,0,1,19414295.290323,30,140,0,1,22337206.465065,15,176,0,1,19205658.009096,28,164,0,1,19786508.225308,17,152,0,1,21491068.179402,20,128,0,1,21492187.663221,42,160,0,1,20156294.417225,84,156,0,12,21385328.504533,34,184,0,1,18405741.359051,67,160,0,12,20672037.382855,61,156,0,12,22711887.984427,62,148,0,12,23957152.710795,71,112,0,12,23314123.965985,52,124,0,1,20167543.778104,44,164,0,1,19044569.808326,33,100,2,1,19979801.904330,18,108,2,1,22703404.798601,83,112,0,12,23485191.766029,43,172,0,1,17552524.057108,51,100,0,1,21195601.607928,24,144,0,1,20700679.064115,66,136,0,12,25133729.314239,
3,1553680273,0.195000,11,124,0,1,22386000.432355,10,140,0,1,22493396.453767,35,128,0,1,21491306.488814,
22,1553680273,0.795000,13,164,0,1,19414536.277830,30,140,0,1,22337590.928263,15,176,0,1,19205697.184835,28,164,0,1,19786689.428369,17,152,0,1,21490752.731816,20,128,0,1,21492173.650696,42,160,0,1,20156689.141150,84,152,0,12,21385425.265990,34,184,0,1,18405662.222314,67,160,0,12,20672046.579120,61,156,0,12,22711659.648328,62,148,0,12,23957456.239883,71,112,0,12,23313992.147040,52,128,0,1,20167359.573606,44,164,0,1,19044235.270202,33,100,2,1,19980237.269813,18,108,2,1,22703237.154360,83,112,0,12,23485505.049788,43,172,0,1,17552535.713854,51,100,0,1,21195878.752286,24,148,0,1,20700325.958959,66,136,0,12,25133444.526686,
3,1553680273,0.795000,11,124,0,1,22385901.123166,10,136,0,1,22493156.617974,35,128,0,1,21490857.128257,
22,1553680273,0.995000,13,164,0,1,19414616.496481,30,140,0,1,22337719.135012,15,176,0,1,19205710.289949,28,164,0,1,19786749.823572,17,152,0,1,21490647.646605,20,128,0,1,21492169.113640,42,160,0,1,20156820.803043,84,152,0,12,21385457.618694,34,180,0,1,18405636.081888,67,160,0,12,20672049.458406,61,156,0,12,22711583.373427,62,148,0,12,23957557.311544,71,116,0,12,23313949.097353,52,128,0,1,20167298.113939,44,164,0,1,19044123.693510,33,100,0,1,19980383.205984,18,108,2,1,22703181.645217,83,112,0,12,23485609.332289,43,172,0,1,17552539.605252,51,100,0,1,21195971.360592,24,148,0,1,20700208.204889,66,136,0,12,25133349.492800,
4,1553680273,0.995000,11,124,0,1,22385868.787912,10,136,0,1,22493076.783228,35,128,0,1,21490707.335588,19,72,0,1,22972311.432455,
22,1553680274,0.395000,13,164,0,1,19414777.195536,30,140,0,1,22337975.269308,15,176,0,1,19205736.500176,28,164,0,1,19786870.509278,17,152,0,1,21490437.319131,20,128,0,1,21492159.917375,42,160,0,1,20157083.934876,84,152,0,12,21385522.184500,34,180,0,1,18405583.382230,67,160,0,12,20672055.199528,61,156,0,12,22711430.945775,62,148,0,12,23957759.629368,71,116,0,12,23313861.200607,52,128,0,1,20167175.561059,44,164,0,1,19043900.627376,33,96,0,1,19980673.926611,18,108,2,1,22703069.004061,83,112,0,12,23485819.450361,43,172,0,1,17552547.492751,51,100,0,1,21196156.385251,24,144,0,1,20699972.836352,66,136,0,12,25133159.320327,
4,1553680274,0.395000,11,124,0,1,22385804.169756,10,136,0,1,22492916.886883,35,124,0,1,21490407.820050,19,68,0,1,22972006.699302,
22,1553680274,0.795000,13,164,0,1,19414937.981842,30,140,0,1,22338231.613007,15,176,0,1,19205762.675502,28,164,0,1,19786991.299685,17,152,0,1,21490227.113808,20,128,0,1,21492150.843262,42,160,0,1,20157347.241212,84,152,0,12,21385586.645604,34,180,0,1,18405530.769824,67,160,0,12,20672061.045351,61,156,0,12,22711278.727525,62,148,0,12,23957962.104245,71,116,0,12,23313772.204496,52,128,0,1,20167051.472561,44,164,0,1,19043677.788096,33,100,0,1,19980964.193533,18,108,2,1,22702957.113265,83,112,0,12,23486030.004688,43,172,0,1,17552555.292998,51,100,0,1,21196341.444810,24,144,0,1,20699737.432915,66,136,0,12,25132969.374707,
4,1553680274,0.795000,11,124,0,1,22385742.587938,10,136,0,1,22492757.042889,35,128,0,1,21490108.234712,19,68,0,1,22971702.123202,
22,1553680274,0.995000,13,164,0,1,19415018.392446,30,140,0,1,22338359.784856,15,176,0,1,19205775.885317,28,164,0,1,19787051.607638,17,152,0,1,21490122.098398,20,128,0,1,21492146.306205,42,160,0,1,20157478.920555,84,152,0,12,21385618.928507,34,180,0,1,18405504.350194,67,160,0,12,20672063.959537,61,156,0,12,22711202.644576,62,148,0,12,23958063.158456,71,116,0,12,23313727.968194,52,128,0,1,20166986.889305,44,168,0,1,19043566.298655,33,100,0,1,19981109.152492,18,108,2,1,22702901.988027,83,112,0,12,23486135.543605,43,172,0,1,17552559.236747,51,100,0,1,21196434.175267,24,144,0,1,20699619.713746,66,136,0,12,25132874.445522,
4,1553680274,0.995000,11,124,0,1,22385707.687502,10,136,0,1,22492677.155792,35,124,0,1,21489958.442043,19,68,0,1,22971547.618974,
22,1553680275,0.195000,13,164,0,1,19415098.803049,30,140,0,1,22338487.956706,15,176,0,1,19205788.850829,28,164,0,1,19787111.967941,17,152,0,1,21490016.960836,20,128,0,1,21492141.769148,42,160,0,1,20157610.634798,84,152,0,12,21385651.071808,34,180,0,1,18405478.070166,67,160,0,12,20672067.013325,61,156,0,12,22711126.387124,62,148,0,12,23958164.334818,71,116,0,12,23313684.168148,52,128,0,1,20166925.237686,44,164,0,1,19043454.791763,33,96,0,1,19981254.390654,18,108,2,1,22702846.304383,83,112,0,12,23486240.384513,43,172,0,1,17552563.267747,51,100,0,1,21196526.434568,24,144,0,1,20699502.064378,66,136,0,12,25132779.463987,
4,1553680275,0.195000,11,124,0,1,22385672.717266,10,136,0,1,22492597.181444,35,128,0,1,21489808.736625,19,68,0,1,22971395.557776,
22,1553680275,0.395000,13,164,0,1,19415179.178752,30,144,0,1,22338616.076204,15,176,0,1,19205801.903592,28,164,0,1,19787172.363145,17,152,0,1,21489911.927975,20,128,0,1,21492137.127391,42,160,0,1,20157742.349042,84,152,0,12,21385683.372161,34,180,0,1,18405451.790138,67,160,0,12,20672070.014763,61,156,0,12,22711050.182024,62,148,0,12,23958265.371579,71,116,0,12,23313639.966746,52,128,0,1,20166861.649093,44,164,0,1,19043343.145270,33,96,0,1,19981399.524115,18,108,2,1,22702790.725439,83,112,0,12,23486344.230759,43,172,0,1,17552567.159146,51,100,0,1,21196619.583830,24,148,0,1,20699384.415010,66,136,0,12,25132684.482452,
4,1553680275,0.395000,11,124,0,1,22385640.765917,10,136,0,1,22492517.224546,35,128,0,1,21489658.996307,19,68,0,1,22971244.264389,
22,1553680275,0.595000,13,164,0,1,19415259.537004,30,144,0,1,22338744.143352,15,176,0,1,19205814.938904,28,160,0,1,19787232.775798,17,152,0,1,21489806.685712,20,128,0,1,21492132.468182,42,160,0,1,20157874.098186,84,152,0,12,21385715.550362,34,180,0,1,18405425.614812,67,160,0,12,20672072.981300,61,156,0,12,22710974.029273,62,148,0,12,23958366.338539,71,116,0,12,23313595.521041,52,124,0,1,20166799.439066,44,164,0,1,19043231.638379,33,96,0,1,19981543.366260,18,108,2,1,22702734.937093,83,112,0,12,23486448.251507,43,172,0,1,17552571.033094,51,100,0,1,21196712.261937,24,144,0,1,20699266.713292,66,136,0,12,25132589.413666,
4,1553680275,0.595000,11,124,0,1,22385608.186361,10,136,0,1,22492437.302549,35,128,0,1,21489509.221088,19,68,0,1,22971092.534745,
22,1553680275,0.795000,13,164,0,1,19415339.773106,30,140,0,1,22338872.262851,15,176,0,1,19205828.009118,28,160,0,1,19787293.136102,17,152,0,1,21489701.530700,20,128,0,1,21492127.843875,42,160,0,1,20158005.707728,84,152,0,12,21385747.815815,34,180,0,1,18405399.282433,67,160,0,12,20672076.035088,61,156,0,12,22710897.771822,62,148,0,12,23958467.305499,71,116,0,12,23313550.813584,52,128,0,1,20166737.386092,44,164,0,1,19043119.956985,33,96,0,1,19981688.272868,18,108,2,1,22702678.764842,83,112,0,12,23486552.621259,43,172,0,1,17552574.819792,51,100,0,1,21196804.922593,24,144,0,1,20699148.854521,66,136,0,12,25132494.309979,
4,1553680275,0.795000,11,124,0,1,22385576.584016,10,136,0,1,22492357.328201,35,128,0,1,21489359.253917,19,72,0,1,22970942.776977,
22,1553680275,0.995000,13,164,0,1,19415420.113908,30,140,0,1,22339000.539401,15,176,0,1,19205841.044430,28,160,0,1,19787353.461504,17,152,0,1,21489596.480389,20,128,0,1,21492123.271918,42,160,0,1,20158137.212569,84,152,0,12,21385779.976566,34,180,0,1,18405372.932604,67,160,0,12,20672079.211027,61,156,0,12,22710821.322418,62,148,0,12,23958568.481861,71,116,0,12,23313505.966524,52,128,0,1,20166675.228416,44,164,0,1,19043008.415194,33,96,0,1,19981831.835809,18,108,2,1,22702622.121435,83,112,0,12,23486656.938661,43,172,0,1,17552578.641389,51,100,0,1,21196897.705401,24,144,0,1,20699031.065551,66,140,0,12,25132399.415695,
4,1553680275,0.995000,11,124,0,1,22385544.353464,10,136,0,1,22492277.353853,35,124,0,1,21489209.443797,19,72,0,1,22970792.373550,
22,1553680276,0.195000,13,164,0,1,19415500.402360,30,140,0,1,22339128.606549,15,176,0,1,19205854.114643,28,160,0,1,19787413.752007,17,152,0,1,21489491.395178,20,128,0,1,21492118.595259,42,160,0,1,20158268.891912,84,152,0,12,21385812.242019,34,180,0,1,18405346.512975,67,160,0,12,20672082.107763,61,160,0,12,22710745.169668,62,148,0,12,23958669.413920,71,116,0,12,23313461.887274,52,128,0,1,20166612.442533,44,164,0,1,19042896.978103,33,96,0,1,19981976.864569,18,108,2,1,22702566.350539,83,112,0,12,23486760.959409,43,172,0,1,17552582.445537,51,100,0,1,21196989.964702,24,144,0,1,20698913.398733,66,140,0,12,25132304.259658,
4,1553680276,0.195000,11,124,0,1,22385513.449128,10,136,0,1,22492197.396955,35,128,0,1,21489059.598778,19,72,0,1,22970637.869322,
22,1553680276,0.395000,13,164,0,1,19415580.603561,30,140,0,1,22339256.691148,15,176,0,1,19205867.149956,28,160,0,1,19787474.059959,17,152,0,1,21489386.292516,20,128,0,1,21492113.883701,42,160,0,1,20158400.484004,84,152,0,12,21385844.455121,34,180,0,1,18405320.093345,67,160,0,12,20672085.039400,61,160,0,12,22710668.929666,62,148,0,12,23958770.276179,71,116,0,12,23313417.075115,52,124,0,1,20166549.691550,44,164,0,1,19042785.349060,33,96,0,1,19982122.451736,18,108,2,1,22702509.375578,83,112,0,12,23486865.678165,43,172,0,1,17552586.319485,51,100,0,1,21197083.009263,24,148,0,1,20698795.714465,66,140,0,12,25132208.998919,
4,1553680276,0.395000,11,124,0,1,22385480.346065,10,136,0,1,22492117.440058,35,124,0,1,21488909.771208,19,72,0,1,22970485.441670,
22,1553680276,0.595000,13,164,0,1,19415660.734961,30,140,0,1,22339384.845547,15,176,0,1,19205880.167818,28,160,0,1,19787534.315561,17,152,0,1,21489281.102604,20,128,0,1,21492109.294293,42,160,0,1,20158532.093546,84,152,0,12,21385876.685673,34,180,0,1,18405293.726066,67,160,0,12,20672087.883786,61,160,0,12,22710592.707115,62,148,0,12,23958871.312940,71,116,0,12,23313372.856263,52,128,0,1,20166487.795628,44,164,0,1,19042673.842169,33,96,0,1,19982267.899301,18,108,2,1,22702453.430180,83,112,0,12,23486970.065368,43,172,0,1,17552590.158533,51,100,0,1,21197175.914222,24,144,0,1,20698677.942945,66,140,0,12,25132113.982484,
4,1553680276,0.595000,11,124,0,1,22385447.557106,10,136,0,1,22492037.413359,35,124,0,1,21488759.926188,19,72,0,1,22970332.403261,
22,1553680276,0.795000,13,164,0,1,19415741.093213,30,140,0,1,22339513.017396,15,176,0,1,19205893.272932,28,160,0,1,19787594.728215,17,152,0,1,21489176.052293,20,128,0,1,21492104.704886,42,156,0,1,20158663.650737,84,152,0,12,21385908.828974,34,180,0,1,18405267.498389,67,160,0,12,20672090.763071,61,156,0,12,22710516.606716,62,148,0,12,23958972.384601,71,116,0,12,23313328.794463,52,124,0,1,20166425.847355,44,164,0,1,19042562.387628,33,100,0,1,19982413.085112,18,108,2,1,22702397.362631,83,112,0,12,23487073.998865,43,172,0,1,17552594.119732,51,100,0,1,21197267.929220,24,144,0,1,20698560.276127,66,140,0,12,25132019.088199,
4,1553680276,0.795000,11,124,0,1,22385416.024563,10,136,0,1,22491957.630964,35,124,0,1,21488610.011368,19,72,0,1,22970180.673617,
22,1553680276,0.995000,13,164,0,1,19415821.311864,30,140,0,1,22339641.032193,15,176,0,1,19205906.325695,28,160,0,1,19787655.158319,17,152,0,1,21489070.949632,20,128,0,1,21492100.098029,42,156,0,1,20158795.260280,84,152,0,12,21385941.007176,34,180,0,1,18405241.218361,67,160,0,12,20672093.712158,61,156,0,12,22710440.436515,62,148,0,12,23959073.491162,71,116,0,12,23313285.622625,52,124,0,1,20166364.387688,44,164,0,1,19042450.898187,33,100,0,1,19982558.654829,18,108,2,1,22702341.155479,83,112,0,12,23487179.101526,43,172,0,1,17552597.958780,51,100,0,1,21197361.130833,24,144,0,1,20698442.591858,66,136,0,12,25131924.036863,
4,1553680276,0.995000,11,124,0,1,22385383.846361,10,136,0,1,22491877.778767,35,124,0,1,21488460.096547,19,72,0,1,22970028.577520,
22,1553680277,0.195000,13,164,0,1,19415901.670117,30,140,0,1,22339769.134242,15,176,0,1,19205919.361007,28,164,0,1,19787715.553522,17,152,0,1,21488965.881871,20,128,0,1,21492095.508621,42,156,0,1,20158926.922173,84,152,0,12,21385973.255178,34,180,0,1,18405214.990683,67,160,0,12,20672096.818297,61,156,0,12,22710364.179064,62,148,0,12,23959174.597724,71,116,0,12,23313240.775565,52,124,0,1,20166301.846107,44,164,0,1,19042339.548348,33,100,0,1,19982703.578887,18,108,2,1,22702284.372471,83,112,0,12,23487283.715582,43,172,0,1,17552601.867629,51,100,0,1,21197453.756589,24,144,0,1,20698324.890140,66,136,0,12,25131828.915727,
4,1553680277,0.195000,11,128,0,1,22385350.970151,10,136,0,1,22491797.926571,35,124,0,1,21488310.391129,19,72,0,1,22969875.434409,
22,1553680277,0.395000,13,164,0,1,19415982.028370,30,140,0,1,22339897.236290,15,176,0,1,19205932.431221,28,164,0,1,19787775.931276,17,152,0,1,21488860.814110,20,128,0,1,21492090.919214,42,156,0,1,20159058.601516,84,152,0,12,21386005.450830,34,180,0,1,18405188.885158,67,160,0,12,20672099.959336,61,156,0,12,22710288.008863,62,148,0,12,23959275.721736,71,116,0,12,23313196.155358,52,124,0,1,20166239.304527,44,168,0,1,19042228.146158,33,100,0,1,19982849.218404,18,108,2,1,22702228.304921,83,116,0,12,23487388.800793,43,172,0,1,17552605.811378,51,100,0,1,21197546.521946,24,144,0,1,20698207.240772,66,136,0,12,25131733.899291,
4,1553680277,0.395000,11,128,0,1,22385317.012027,10,136,0,1,22491718.144175,35,124,0,1,21488160.493759,19,68,0,1,22969723.425562,
22,1553680277,0.595000,13,164,0,1,19416062.491324,30,140,0,1,22340025.495391,15,176,0,1,19205945.483983,28,160,0,1,19787836.256678,17,148,0,1,21488755.763799,20,132,0,1,21492086.312357,42,156,0,1,20159190.333209,84,152,0,12,21386037.943135,34,180,0,1,18405162.727281,67,160,0,12,20672102.995674,61,160,0,12,22710212.013165,62,144,0,12,23959377.107501,71,116,0,12,23313153.088221,52,124,0,1,20166177.059600,44,168,0,1,19042116.691617,33,100,0,1,19982994.055211,18,108,2,1,22702172.638727,83,112,0,12,23487492.908792,43,172,0,1,17552609.737677,51,104,0,1,21197639.636308,24,144,0,1,20698089.504153,66,136,0,12,25131639.057358,
4,1553680277,0.595000,11,128,0,1,22385284.432471,10,136,0,1,22491638.291979,35,124,0,1,21488010.683639,19,68,0,1,22969569.793845,
22,1553680277,0.795000,13,164,0,1,19416142.779775,30,140,0,1,22340153.632339,15,176,0,1,19205958.623997,28,160,0,1,19787896.616982,17,148,0,1,21488650.748388,20,132,0,1,21492081.670599,42,156,0,1,20159321.820600,84,152,0,12,21386070.383090,34,180,0,1,18405136.639206,67,160,0,12,20672106.084363,61,156,0,12,22710135.790614,62,144,0,12,23959478.214063,71,116,0,12,23313109.619728,52,124,0,1,20166116.158340,44,168,0,1,19042005.446479,33,96,0,1,19983138.612815,18,108,2,1,22702117.129584,83,112,0,12,23487596.580535,43,172,0,1,17552613.768678,51,100,0,1,21197731.913060,24,144,0,1,20697971.889685,66,136,0,12,25131544.215424,
4,1553680277,0.795000,11,128,0,1,22385253.196581,10,136,0,1,22491558.457233,35,128,0,1,21487860.995672,19,68,0,1,22969417.226591,
22,1553680277,0.995000,13,164,0,1,19416223.207829,30,140,0,1,22340281.751838,15,176,0,1,19205971.816362,28,160,0,1,19787957.064536,17,148,0,1,21488545.750428,20,132,0,1,21492077.185893,42,156,0,1,20159453.517393,84,152,0,12,21386102.718343,34,180,0,1,18405110.603481,67,160,0,12,20672108.998549,61,156,0,12,22710059.725115,62,144,0,12,23959579.285724,71,116,0,12,23313065.662630,52,124,0,1,20166053.023453,44,168,0,1,19041893.904687,33,96,0,1,19983283.816077,18,108,2,1,22702061.376138,83,112,0,12,23487701.107340,43,172,0,1,17552617.904379,51,100,0,1,21197824.346863,24,144,0,1,20697854.205417,66,140,0,12,25131449.356041,
4,1553680277,0.995000,11,128,0,1,22385220.459973,10,136,0,1,22491478.552686,35,128,0,1,21487711.272803,19,68,0,1,22969264.083480,
22,1553680278,0.195000,13,164,0,1,19416303.583532,30,140,0,1,22340409.871337,15,176,0,1,19205984.904025,28,160,0,1,19788017.581891,17,148,0,1,21488440.752468,20,132,0,1,21492072.631386,42,152,0,1,20159585.231637,84,152,0,12,21386135.053597,34,180,0,1,18405084.585206,67,160,0,12,20672112.052337,61,156,0,12,22709983.659616,62,144,0,12,23959680.462086,71,116,0,12,23313022.717644,52,124,0,1,20165991.249682,44,168,0,1,19041782.554848,33,96,0,1,19983428.164278,18,108,0,1,22702004.470978,83,112,0,12,23487805.511992,43,172,0,1,17552621.935379,51,104,0,1,21197917.269273,24,144,0,1,20697736.521148,66,140,0,12,25131354.374505,
4,1553680278,0.195000,11,128,0,1,22385188.089819,10,136,0,1,22491398.805191,35,128,0,1,21487561.637186,19,68,0,1,22969111.620928,
22,1553680278,0.395000,13,164,0,1,19416384.081386,30,140,0,1,22340538.112987,15,176,0,1,19205998.131290,28,160,0,1,19788078.029445,17,148,0,1,21488335.737058,20,132,0,1,21492068.164130,42,152,0,1,20159717.015681,84,152,0,12,21386167.598253,34,180,0,1,18405058.566932,67,160,0,12,20672115.036324,61,156,0,12,22709907.559216,62,144,0,12,23959781.516297,71,116,0,12,23312978.428991,52,124,0,1,20165928.987305,44,164,0,1,19041671.117757,33,92,0,1,19983573.786345,18,108,0,1,22701948.124225,83,112,0,12,23487910.422701,43,172,0,1,17552626.018730,51,100,0,1,21198009.790327,24,144,0,1,20697618.959031,66,140,0,12,25131259.392970,
4,1553680278,0.395000,11,128,0,1,22385155.684764,10,136,0,1,22491318.970445,35,128,0,1,21487411.914318,19,68,0,1,22968959.821484,
22,1553680278,0.595000,13,164,0,1,19416464.561791,30,144,0,1,22340666.284836,15,176,0,1,19206011.393456,28,160,0,1,19788138.703852,17,148,0,1,21488230.808898,20,132,0,1,21492063.696874,42,152,0,1,20159848.782275,84,152,0,12,21386199.933506,34,180,0,1,18405032.496306,67,160,0,12,20672118.247164,61,156,0,12,22709831.528618,62,144,0,12,23959882.832261,71,116,0,12,23312934.018187,52,124,0,1,20165866.986681,44,164,0,1,19041559.785368,33,92,0,1,19983718.204347,18,108,0,1,22701892.423130,83,112,0,12,23488015.769666,43,172,0,1,17552630.032280,51,100,0,1,21198102.259031,24,144,0,1,20697501.431815,66,140,0,12,25131164.446335,
4,1553680278,0.595000,11,128,0,1,22385124.082420,10,132,0,1,22491239.135699,35,124,0,1,21487262.191450,19,68,0,1,22968807.097178,
22,1553680278,0.795000,13,164,0,1,19416545.094545,30,144,0,1,22340794.561387,15,176,0,1,19206024.655621,28,160,0,1,19788199.221207,17,152,0,1,21488125.828389,20,132,0,1,21492059.194718,42,152,0,1,20159980.583770,84,152,0,12,21386232.286210,34,180,0,1,18405006.443131,67,160,0,12,20672121.545256,61,156,0,12,22709755.515469,62,144,0,12,23959983.903922,71,116,0,12,23312888.385868,52,124,0,1,20165804.846456,44,164,0,1,19041448.400628,33,88,0,1,19983863.041154,18,108,0,1,22701836.233429,83,112,0,12,23488120.017267,43,172,0,1,17552634.010930,51,100,0,1,21198194.588133,24,144,0,1,20697383.764997,66,136,0,12,25131069.604402,
4,1553680278,0.795000,11,128,0,1,22385091.729716,10,132,0,1,22491159.353303,35,124,0,1,21487112.486032,19,68,0,1,22968655.472236,
22,1553680278,0.995000,13,164,0,1,19416625.627300,30,144,0,1,22340922.890288,15,176,0,1,19206038.022488,28,160,0,1,19788259.668762,17,152,0,1,21488020.917679,20,132,0,1,21492054.849614,42,152,0,1,20160112.420165,84,152,0,12,21386264.743615,34,180,0,1,18404980.407406,67,160,0,12,20672124.546693,61,156,0,12,22709679.415069,62,144,0,12,23960085.202436,71,116,0,12,23312845.353631,52,128,0,1,20165742.985434,44,164,0,1,19041337.015888,33,88,0,1,19984008.244416,18,108,0,1,22701779.467871,83,108,0,12,23488223.828612,43,172,0,1,17552638.007030,51,100,0,1,21198286.760183,24,144,0,1,20697266.272681,66,136,0,12,25130974.710118,
4,1553680278,0.995000,11,128,0,1,22385059.377013,10,132,0,1,22491079.640708,35,124,0,1,21486962.990017,19,68,0,1,22968501.317013,
22,1553680279,0.195000,13,164,0,1,19416706.037904,30,144,0,1,22341051.236640,15,176,0,1,19206051.354454,28,160,0,1,19788320.168667,17,152,0,1,21487916.024421,20,132,0,1,21492050.399808,42,152,0,1,20160244.186759,84,152,0,12,21386297.061418,34,180,0,1,18404954.476383,67,160,0,12,20672127.705182,61,156,0,12,22709603.349570,62,140,0,12,23960186.431149,71,116,0,12,23312802.024740,52,128,0,1,20165681.298914,44,164,0,1,19041225.683499,33,88,0,1,19984153.377877,18,108,0,1,22701723.208369,83,108,0,12,23488328.285615,43,172,0,1,17552642.160182,51,100,0,1,21198379.089285,24,144,0,1,20697148.675663,66,136,0,12,25130879.763483,
4,1553680279,0.195000,11,128,0,1,22385026.640404,10,132,0,1,22490999.858313,35,124,0,1,21486813.354399,19,68,0,1,22968348.226253,
22,1553680279,0.395000,13,164,0,1,19416786.675360,30,144,0,1,22341179.617891,15,176,0,1,19206064.668971,28,160,0,1,19788380.686022,17,152,0,1,21487811.113712,20,132,0,1,21492045.932553,42,156,0,1,20160376.040604,84,152,0,12,21386329.431572,34,180,0,1,18404928.510459,67,160,0,12,20672130.881122,61,156,0,12,22709527.336422,62,140,0,12,23960287.677313,71,120,0,12,23312761.732188,52,128,0,1,20165619.577494,44,164,0,1,19041114.368560,33,84,0,1,19984298.546238,18,104,0,1,22701666.338109,83,108,0,12,23488431.992259,43,172,0,1,17552646.278433,51,100,0,1,21198472.133846,24,144,0,1,20697031.043745,66,136,0,12,25130784.991351,
4,1553680279,0.395000,11,132,0,1,22384994.654155,10,132,0,1,22490920.093368,35,124,0,1,21486663.666432,19,68,0,1,22968196.304657,
22,1553680279,0.595000,13,164,0,1,19416867.225565,30,144,0,1,22341307.859542,15,176,0,1,19206077.878785,28,160,0,1,19788441.185927,17,152,0,1,21487706.237903,20,132,0,1,21492041.604899,42,156,0,1,20160507.824649,84,152,0,12,21386361.923878,34,180,0,1,18404902.579435,67,160,0,12,20672134.231564,61,156,0,12,22709451.375624,62,144,0,12,23960388.853675,71,120,0,12,23312716.169669,52,128,0,1,20165557.541970,44,164,0,1,19041002.966370,33,84,0,1,19984443.574998,18,104,0,1,22701610.532313,83,108,0,12,23488535.890856,43,172,0,1,17552650.483936,51,100,0,1,21198564.253545,24,144,0,1,20696913.464178,66,136,0,12,25130690.184318,
4,1553680279,0.595000,11,128,0,1,22384962.371252,10,132,0,1,22490840.380773,35,124,0,1,21486514.100615,19,68,0,1,22968043.824654,
22,1553680279,0.795000,13,164,0,1,19416947.793220,30,144,0,1,22341436.136092,15,176,0,1,19206091.228202,28,160,0,1,19788501.703282,17,152,0,1,21487601.396995,20,132,0,1,21492037.207444,42,152,0,1,20160639.608693,84,152,0,12,21386394.276581,34,180,0,1,18404876.596061,67,160,0,12,20672137.337703,61,156,0,12,22709375.467177,62,140,0,12,23960490.064938,71,120,0,12,23312670.694402,52,128,0,1,20165495.471546,44,164,0,1,19040891.511829,33,84,0,1,19984588.656108,18,104,0,1,22701554.080859,83,108,0,12,23488640.661963,43,172,0,1,17552654.602187,51,100,0,1,21198656.634998,24,144,0,1,20696795.902061,66,136,0,12,25130595.429635,
4,1553680279,0.795000,11,128,0,1,22384929.826596,10,132,0,1,22490760.615828,35,124,0,1,21486364.342847,19,68,0,1,22967891.868158,
22,1553680279,0.995000,13,164,0,1,19417028.256174,30,144,0,1,22341564.395193,15,176,0,1,19206104.472917,28,160,0,1,19788562.325338,17,152,0,1,21487496.590987,20,132,0,1,21492032.827439,42,152,0,1,20160771.427638,84,152,0,12,21386426.838688,34,180,0,1,18404850.682488,67,160,0,12,20672140.531092,61,156,0,12,22709299.436578,62,140,0,12,23960591.276201,71,120,0,12,23312626.021844,52,124,0,1,20165433.558173,44,164,0,1,19040780.092189,33,80,0,1,19984734.313076,18,104,0,1,22701498.676417,83,108,0,12,23488745.206218,43,172,0,1,17552658.755339,51,100,0,1,21198749.382905,24,144,0,1,20696678.305044,66,136,0,12,25130500.535351,
4,1553680279,0.995000,11,128,0,1,22384897.369191,10,132,0,1,22490680.868333,35,124,0,1,21486214.759580,19,68,0,1,22967738.812298,
22,1553680280,0.195000,13,164,0,1,19417108.701678,30,144,0,1,22341692.689193,15,176,0,1,19206117.804884,28,160,0,1,19788622.964845,17,152,0,1,21487391.645378,20,132,0,1,21492028.447434,42,152,0,1,20160903.194232,84,152,0,12,21386459.104140,34,180,0,1,18404824.786365,67,160,0,12,20672143.619781,61,156,0,12,22709223.336179,62,140,0,12,23960692.347862,71,120,0,12,23312580.930482,52,124,0,1,20165371.400498,44,164,0,1,19040668.777250,33,80,0,1,19984879.237134,18,104,0,1,22701442.504166,83,108,0,12,23488849.226966,43,172,0,1,17552662.856140,51,100,0,1,21198841.066349,24,144,0,1,20696560.830178,66,136,0,12,25130405.728318,
4,1553680280,0.195000,11,128,0,1,22384864.929236,10,132,0,1,22490601.190638,35,124,0,1,21486065.315916,19,68,0,1,22967586.594049,
22,1553680280,0.395000,13,164,0,1,19417189.199532,30,144,0,1,22341820.965744,15,176,0,1,19206131.101949,28,160,0,1,19788683.447299,17,152,0,1,21487286.752119,20,132,0,1,21492024.137231,42,152,0,1,20161035.013177,84,152,0,12,21386491.578995,34,180,0,1,18404798.785540,67,160,0,12,20672146.795721,61,156,0,12,22709147.410281,62,140,0,12,23960793.576575,71,120,0,12,23312538.020396,52,124,0,1,20165309.138121,44,164,0,1,19040557.427411,33,76,0,1,19985024.073941,18,100,0,1,22701386.646019,83,104,0,12,23488953.387315,43,172,0,1,17552666.887140,51,100,0,1,21198933.151148,24,140,0,1,20696443.337862,66,136,0,12,25130310.991086,
4,1553680280,0.395000,11,128,0,1,22384832.541632,10,132,0,1,22490521.390793,35,128,0,1,21485915.645398,19,68,0,1,22967434.061696,
22,1553680280,0.595000,13,164,0,1,19417269.732287,30,144,0,1,22341949.259745,15,176,0,1,19206144.364115,28,160,0,1,19788743.982105,17,152,0,1,21487181.719258,20,132,0,1,21492019.722326,42,152,0,1,20161166.709970,84,152,0,12,21386523.861898,34,180,0,1,18404772.819616,67,160,0,12,20672149.954210,61,156,0,12,22709071.379683,62,140,0,12,23960895.067042,71,120,0,12,23312492.440427,52,124,0,1,20165247.678454,44,164,0,1,19040446.147372,33,76,0,1,19985169.242303,18,100,0,1,22701331.154327,83,108,0,12,23489058.088622,43,172,0,1,17552671.075193,51,100,0,1,21199025.637303,24,140,0,1,20696325.723395,66,136,0,12,25130216.166603,
4,1553680280,0.595000,11,128,0,1,22384800.101677,10,132,0,1,22490441.660748,35,124,0,1,21485766.097032,19,68,0,1,22967281.110537,
22,1553680280,0.795000,13,164,0,1,19417350.247592,30,144,0,1,22342077.571196,15,176,0,1,19206157.661181,28,160,0,1,19788804.621611,17,152,0,1,21487076.773649,20,132,0,1,21492015.429572,42,152,0,1,20161298.616166,84,152,0,12,21386556.284403,34,180,0,1,18404746.801342,67,160,0,12,20672153.199951,61,156,0,12,22708995.314183,62,140,0,12,23960996.330655,71,120,0,12,23312447.767870,52,124,0,1,20165184.578466,44,164,0,1,19040334.849883,33,76,0,1,19985314.218712,18,100,0,1,22701274.214266,83,108,0,12,23489162.842279,43,172,0,1,17552675.158544,51,100,0,1,21199118.018755,24,140,0,1,20696208.161278,66,136,0,12,25130121.307219,
4,1553680280,0.795000,11,128,0,1,22384767.766424,10,132,0,1,22490361.948153,35,128,0,1,21485616.513766,19,72,0,1,22967128.351331,
22,1553680280,0.995000,13,164,0,1,19417430.745446,30,144,0,1,22342205.917547,15,176,0,1,19206171.132749,28,160,0,1,19788865.069166,17,152,0,1,21486971.793139,20,132,0,1,21492010.962316,42,152,0,1,20161430.417661,84,152,0,12,21386588.672007,34,180,0,1,18404720.922669,67,160,0,12,20672156.323539,61,156,0,12,22708919.266135,62,140,0,12,23961097.507018,71,120,0,12,23312400.512680,52,124,3,1,20165122.455691,44,164,0,1,19040223.587295,33,76,0,1,19985459.038069,18,100,0,1,22701218.495721,83,108,0,12,23489268.782551,43,172,0,1,17552679.276795,51,100,0,1,21199210.679411,24,140,0,1,20696090.494459,66,136,0,12,25130026.482736,
4,1553680280,0.995000,11,128,0,1,22384735.396270,10,132,0,1,22490282.183208,35,128,0,1,21485466.808348,19,68,0,1,22966975.749177,
22,1553680281,0.195000,13,164,0,1,19417511.348002,30,144,0,1,22342334.211548,15,176,0,1,19206184.429815,28,156,0,1,19788925.569071,17,156,0,1,21486866.969681,20,132,0,1,21492006.669563,42,156,0,1,20161562.184255,84,152,0,12,21386621.181763,34,180,0,1,18404694.991645,67,160,0,12,20672159.726332,61,156,0,12,22708843.392588,62,144,0,12,23961198.892783,71,116,0,12,23312358.876461,52,124,2,1,20165059.600007,44,164,0,1,19040112.289806,33,76,0,1,19985603.735274,18,96,0,1,22701162.183869,83,104,0,12,23489374.181866,43,172,0,1,17552683.447397,51,100,0,1,21199303.078314,24,140,0,1,20695972.879992,66,136,0,12,25129931.501201,
4,1553680281,0.195000,11,128,0,1,22384703.026116,10,132,0,1,22490202.610215,35,128,0,1,21485317.207631,19,68,0,1,22966822.763118,
22,1553680281,0.395000,13,164,0,1,19417591.933108,30,144,0,1,22342462.540449,15,176,0,1,19206197.814132,28,156,0,1,19788986.191127,17,152,0,1,21486762.198573,20,132,0,1,21492002.324459,42,156,0,1,20161693.933399,84,152,0,12,21386653.499566,34,180,0,1,18404669.235124,67,160,0,12,20672162.954622,61,156,0,12,22708767.361989,62,140,0,12,23961300.330898,71,116,0,12,23312317.397293,52,128,2,1,20164999.152453,44,164,0,1,19040000.905067,33,76,0,1,19985749.182839,18,96,0,1,22701106.552574,83,104,0,12,23489479.249627,43,172,0,1,17552687.687800,51,100,0,1,21199395.704070,24,140,0,1,20695855.405126,66,140,0,12,25129836.763969,
4,1553680281,0.395000,11,128,0,1,22384670.743213,10,132,0,1,22490122.967421,35,128,0,1,21485167.659265,19,68,0,1,22966670.091163,
22,1553680281,0.595000,13,164,0,1,19417672.396062,30,144,0,1,22342590.886801,15,176,0,1,19206211.285700,28,156,0,1,19789046.882984,17,152,0,1,21486657.444916,20,132,0,1,21491997.857203,42,156,0,1,20161825.822144,84,152,0,12,21386685.939521,34,180,0,1,18404643.339001,67,160,0,12,20672166.078211,61,156,0,12,22708691.558243,62,140,0,12,23961401.611962,71,116,0,12,23312273.422745,52,128,2,1,20164937.308881,44,164,0,1,19039889.572677,33,72,0,1,19985894.909608,18,96,0,1,22701050.136020,83,104,0,12,23489583.671730,43,172,0,1,17552691.840952,51,100,0,1,21199487.719068,24,140,0,1,20695737.860459,66,136,0,12,25129741.991836,
4,1553680281,0.595000,11,128,0,1,22384638.442860,10,132,0,1,22490043.411879,35,128,0,1,21485018.075998,19,68,0,1,22966516.878251,
22,1553680281,0.795000,13,164,0,1,19417753.068418,30,148,0,1,22342719.285503,15,176,0,1,19206224.687467,28,156,0,1,19789107.539941,17,152,0,1,21486552.604008,20,132,0,1,21491993.442298,42,156,0,1,20161957.536388,84,152,0,12,21386718.449276,34,180,0,1,18404617.530128,67,160,0,12,20672169.411203,61,156,0,12,22708615.370593,62,140,0,12,23961503.050078,71,116,0,12,23312229.709949,52,128,2,1,20164875.674712,44,164,0,1,19039778.135587,33,76,0,1,19986040.566575,18,96,0,1,22700994.487276,83,104,0,12,23489687.779729,43,172,0,1,17552695.994103,51,100,0,1,21199579.158209,24,140,0,1,20695620.245992,66,136,0,12,25129647.080102,
4,1553680281,0.795000,11,128,0,1,22384606.037806,10,132,0,1,22489963.751635,35,128,0,1,21484868.527632,19,68,0,1,22966364.171396,
22,1553680281,0.995000,13,164,0,1,19417833.670974,30,148,0,1,22342847.649305,15,176,0,1,19206238.071784,28,156,0,1,19789168.144547,17,156,0,1,21486447.710749,20,132,0,1,21491989.184445,42,156,0,1,20162089.320432,84,152,0,12,21386750.941582,34,180,0,1,18404591.564204,67,160,0,12,20672172.656943,61,156,0,12,22708539.008440,62,144,0,12,23961604.121739,71,116,0,12,23312184.391734,52,128,2,1,20164814.860703,44,164,0,1,19039667.047501,33,72,0,1,19986185.839638,18,96,0,1,22700938.000921,83,104,0,12,23489791.276970,43,172,0,1,17552700.199606,51,100,0,1,21199671.888666,24,144,0,1,20695502.736226,66,136,0,12,25129552.691874,
4,1553680281,0.995000,11,128,0,1,22384573.807254,10,132,0,1,22489884.056490,35,128,0,1,21484719.031617,19,64,0,1,22966211.098086,
22,1553680282,0.195000,13,164,0,1,19417914.378231,30,148,0,1,22342975.960756,15,176,0,1,19206251.333950,28,156,0,1,19789228.818955,17,156,0,1,21486342.834941,20,132,0,1,21491984.769539,42,156,0,1,20162221.191728,84,152,0,12,21386783.346636,34,180,0,1,18404565.737882,67,160,0,12,20672175.797982,61,156,0,12,22708463.204694,62,140,0,12,23961705.245751,71,116,0,12,23312143.558224,52,128,2,1,20164752.825179,44,164,0,1,19039555.837263,33,72,0,1,19986331.199951,18,92,0,1,22700881.811220,83,104,0,12,23489895.559471,43,172,0,1,17552704.440009,51,100,0,1,21199764.968128,24,144,0,1,20695385.261360,66,136,0,12,25129457.919742,
4,1553680282,0.195000,11,128,0,1,22384541.419650,10,132,0,1,22489804.448597,35,128,0,1,21484569.500701,19,64,0,1,22966058.618083,
22,1553680282,0.395000,13,164,0,1,19417995.015687,30,148,0,1,22343104.219856,15,176,0,1,19206264.718267,28,156,0,1,19789289.353760,17,152,0,1,21486238.063833,20,132,0,1,21491980.494236,42,156,0,1,20162352.923421,84,152,0,12,21386815.821491,34,180,0,1,18404539.929010,67,160,0,12,20672179.130974,61,156,0,12,22708387.331147,62,140,0,12,23961806.561715,71,116,0,12,23312099.409173,52,128,2,1,20164689.009733,44,164,0,1,19039444.609575,33,76,0,1,19986477.240824,18,92,0,1,22700825.743670,83,104,0,12,23490000.697033,43,172,0,1,17552708.732762,51,100,0,1,21199857.175078,24,144,0,1,20695267.646892,66,136,0,12,25129362.973107,
4,1553680282,0.395000,11,128,0,1,22384509.084396,10,136,0,1,22489724.805803,35,128,0,1,21484419.847634,19,64,0,1,22965906.050830,
22,1553680282,0.595000,13,164,0,1,19418075.583342,30,148,0,1,22343232.531307,15,176,0,1,19206278.189835,28,156,0,1,19789349.923466,17,152,0,1,21486133.240375,20,132,0,1,21491976.096781,42,160,0,1,20162484.829617,84,152,0,12,21386848.488299,34,180,0,1,18404514.085238,67,160,0,12,20672182.219663,61,156,0,12,22708311.422700,62,140,0,12,23961907.877679,71,116,0,12,23312055.068170,52,128,2,1,20164626.241300,44,164,0,1,19039333.381887,33,76,0,1,19986622.269583,18,92,0,1,22700770.164727,83,104,0,12,23490106.497704,43,172,0,1,17552712.885914,51,100,0,1,21199950.429042,24,140,0,1,20695150.067325,66,136,0,12,25129268.096273,
3,1553680282,0.595000,11,128,0,1,22384476.818944,10,136,0,1,22489645.180460,35,128,0,1,21484270.229467,
22,1553680282,0.795000,13,164,0,1,19418156.255699,30,148,0,1,22343360.860208,15,176,0,1,19206291.539251,28,156,0,1,19789410.440821,17,152,0,1,21486028.347117,20,132,0,1,21491971.734227,42,160,0,1,20162616.578761,84,152,0,12,21386880.945704,34,180,0,1,18404488.328716,67,160,0,12,20672185.552654,61,156,0,12,22708235.339751,62,140,0,12,23962009.106392,71,116,0,12,23312008.894894,52,128,2,1,20164563.699719,44,164,0,1,19039222.119299,33,80,0,1,19986767.856750,18,92,0,1,22700715.004589,83,108,0,12,23490212.437975,43,172,0,1,17552717.108867,51,100,0,1,21200042.635992,24,140,0,1,20695032.505208,66,136,0,12,25129173.411392,
3,1553680282,0.795000,11,128,0,1,22384444.431340,10,136,0,1,22489565.537666,35,128,0,1,21484120.663651,
22,1553680282,0.995000,13,164,0,1,19418236.875705,30,148,0,1,22343489.171659,15,176,0,1,19206304.871218,28,156,0,1,19789471.045427,17,152,0,1,21485923.541109,20,132,0,1,21491967.528724,42,160,0,1,20162748.275554,84,152,0,12,21386913.490360,34,180,0,1,18404462.450043,67,160,0,12,20672188.833295,61,156,0,12,22708159.204451,62,140,0,12,23962110.544508,71,116,0,12,23311964.867995,52,132,2,1,20164502.240052,44,164,0,1,19039110.839261,33,88,0,1,19986913.007661,18,92,0,1,22700658.343732,83,108,0,12,23490318.343347,43,172,0,1,17552721.436521,51,100,0,1,21200134.930194,24,140,0,1,20694915.047793,66,136,0,12,25129078.621809,
3,1553680282,0.995000,11,128,0,1,22384412.061186,10,136,0,1,22489485.894872,35,132,0,1,21483971.097834,
22,1553680283,0.195000,13,164,0,1,19418317.391010,30,148,0,1,22343617.622712,15,176,0,1,19206318.377686,28,156,0,1,19789531.615133,17,152,0,1,21485818.595499,20,132,0,1,21491963.113819,42,160,0,1,20162880.024698,84,152,0,12,21386946.139717,34,180,0,1,18404436.676072,67,156,0,12,20672191.956884,61,156,0,12,22708083.348354,62,144,0,12,23962211.808122,71,116,0,12,23311917.839658,52,132,2,1,20164440.728035,44,164,0,1,19038999.698824,33,92,0,1,19987058.385425,18,92,0,1,22700602.572836,83,108,0,12,23490424.248718,43,172,0,1,17552725.676924,51,100,0,1,21200227.957305,24,140,0,1,20694797.538026,66,136,0,12,25128983.832226,
3,1553680283,0.195000,11,128,0,1,22384379.673581,10,140,0,1,22489406.321879,35,132,0,1,21483821.392416,
22,1553680283,0.395000,13,164,0,1,19418398.028466,30,148,0,1,22343745.916713,15,176,0,1,19206331.744553,28,160,0,1,19789592.167388,17,152,0,1,21485713.789492,20,132,0,1,21491958.733815,42,160,0,1,20163011.861093,84,152,0,12,21386978.544772,34,184,0,1,18404410.849750,67,156,0,12,20672195.237525,61,160,0,12,22708007.387556,62,144,0,12,23962313.176436,71,116,0,12,23311875.836984,52,132,2,1,20164378.779762,44,168,0,1,19038888.471136,33,92,0,1,19987203.483986,18,92,0,1,22700546.801940,83,108,0,12,23490529.700384,43,172,0,1,17552729.899877,51,100,0,1,21200319.762900,24,140,0,1,20694680.010810,66,136,0,12,25128889.060094,
3,1553680283,0.395000,11,128,0,1,22384347.477930,10,140,0,1,22489326.783787,35,132,0,1,21483671.809150,
22,1553680283,0.595000,13,164,0,1,19418478.683372,30,148,0,1,22343874.228164,15,176,0,1,19206345.198671,28,160,0,1,19789652.894146,17,152,0,1,21485608.878783,20,132,0,1,21491954.475961,42,160,0,1,20163143.610237,84,152,0,12,21387011.002177,34,184,0,1,18404384.971077,67,156,0,12,20672198.413465,61,160,0,12,22707931.461659,62,144,0,12,23962414.632002,71,116,0,12,23311831.112076,52,132,2,1,20164318.105355,44,168,0,1,19038777.260898,33,96,0,1,19987348.879200,18,88,0,1,22700491.921005,83,108,0,12,23490634.454041,43,172,0,1,17552734.192630,51,100,0,1,21200412.371206,24,140,0,1,20694562.431243,66,136,0,12,25128794.253061,
3,1553680283,0.595000,11,128,0,1,22384315.229927,10,140,0,1,22489247.140993,35,132,0,1,21483522.382935,
22,1553680283,0.795000,13,164,0,1,19418559.268478,30,148,0,1,22344002.539615,15,176,0,1,19206358.495737,28,160,0,1,19789713.620904,17,152,0,1,21485504.055325,20,132,0,1,21491950.235559,42,160,0,1,20163275.307031,84,152,0,12,21387043.511932,34,180,0,1,18404359.162205,67,156,0,12,20672201.659205,61,160,0,12,22707855.535762,62,144,0,12,23962516.000317,71,116,0,12,23311784.938799,52,132,2,1,20164256.069831,44,168,0,1,19038665.980860,33,96,0,1,19987493.838159,18,88,0,1,22700436.376962,83,108,0,12,23490739.469452,43,172,0,1,17552738.345782,51,100,0,1,21200504.037200,24,140,0,1,20694444.921476,66,136,0,12,25128699.393677,
3,1553680283,0.795000,11,128,0,1,22384282.877224,10,140,0,1,22489167.568000,35,132,0,1,21483372.852020,
22,1553680283,0.995000,13,164,0,1,19418639.888484,30,148,0,1,22344130.903417,15,176,0,1,19206371.949855,28,160,0,1,19789774.295311,17,152,0,1,21485399.127165,20,132,0,1,21491945.838104,42,160,0,1,20163407.108525,84,152,0,12,21387076.248541,34,180,0,1,18404333.440584,67,156,0,12,20672204.887495,61,160,0,12,22707779.487713,62,144,0,12,23962617.246481,71,116,0,12,23311736.845999,52,132,2,1,20164193.807454,44,168,0,1,19038554.700821,33,100,0,1,19987638.814568,18,88,0,1,22700380.885270,83,108,0,12,23490844.886217,43,172,0,1,17552742.533834,51,104,0,1,21200596.261600,24,140,0,1,20694327.481511,66,136,0,12,25128604.551744,
3,1553680283,0.995000,11,128,0,1,22384250.472169,10,140,0,1,22489087.960107,35,132,0,1,21483223.338554,
22,1553680284,0.195000,13,164,0,1,19418720.508490,30,148,0,1,22344259.214868,15,176,0,1,19206385.403973,28,160,0,1,19789835.074419,17,152,0,1,21485294.321158,20,132,0,1,21491941.475549,42,160,0,1,20163538.665717,84,152,0,12,21387108.758296,34,180,0,1,18404307.649162,67,156,0,12,20672208.115786,61,160,0,12,22707703.457114,62,148,0,12,23962718.667146,71,116,0,12,23311696.588347,52,132,2,1,20164131.527627,44,168,0,1,19038443.438233,33,100,0,1,19987783.843327,18,92,0,1,22700324.713019,83,108,0,12,23490950.180831,43,172,0,1,17552746.774237,51,100,0,1,21200688.328949,24,140,0,1,20694209.849593,66,136,0,12,25128509.640009,
3,1553680284,0.195000,11,128,0,1,22384218.154366,10,140,0,1,22489008.334763,35,132,0,1,21483073.755288,
22,1553680284,0.395000,13,164,0,1,19418800.971444,30,148,0,1,22344387.473968,15,176,0,1,19206398.631238,28,160,0,1,19789895.818627,17,152,0,1,21485189.480249,20,132,0,1,21491937.112995,42,160,0,1,20163670.379960,84,152,0,12,21387141.355303,34,180,0,1,18404281.735589,67,156,0,12,20672211.326626,61,160,0,12,22707627.409065,62,148,0,12,23962819.860959,71,116,0,12,23311653.172205,52,132,2,1,20164070.992821,44,168,0,1,19038332.123294,33,104,3,1,19987929.203641,18,92,0,1,22700269.448179,83,108,0,12,23491054.637834,43,172,0,1,17552750.927389,51,100,0,1,21200779.994943,24,140,0,1,20694092.252576,66,136,0,12,25128414.798076,
3,1553680284,0.395000,11,128,0,1,22384185.923814,10,140,0,1,22488928.796671,35,132,0,1,21482924.102220,
22,1553680284,0.595000,13,164,0,1,19418881.521649,30,148,0,1,22344515.733069,15,176,0,1,19206412.067905,28,160,0,1,19789956.318532,17,152,0,1,21485084.621891,20,132,0,1,21491932.820241,42,160,0,1,20163802.129104,84,152,0,12,21387173.882509,34,180,0,1,18404255.752214,67,156,0,12,20672214.554916,61,160,0,12,22707551.448267,62,148,0,12,23962921.246724,71,116,0,12,23311608.796302,52,132,2,1,20164008.224388,44,168,0,1,19038220.895606,33,104,2,1,19988074.947860,18,92,0,1,22700214.270591,83,108,0,12,23491158.466630,43,172,0,1,17552755.132891,51,100,0,1,21200873.004604,24,140,0,1,20693974.673009,66,136,0,12,25128319.816541,
3,1553680284,0.595000,11,128,0,1,22384153.553660,10,144,0,1,22488849.171327,35,132,0,1,21482774.623655,
22,1553680284,0.795000,13,164,0,1,19418962.071854,30,148,0,1,22344643.992169,15,176,0,1,19206425.364971,28,160,0,1,19790016.870788,17,152,0,1,21484979.711182,20,132,0,1,21491928.632189,42,160,0,1,20163934.000400,84,152,0,12,21387206.305014,34,180,0,1,18404230.013143,67,156,0,12,20672217.591254,61,160,0,12,22707475.522370,62,148,0,12,23963022.527788,71,116,0,12,23311564.734502,52,132,2,1,20163947.811734,44,168,0,1,19038109.598117,33,104,2,1,19988219.889368,18,92,0,1,22700158.709097,83,108,0,12,23491264.825707,43,172,0,1,17552759.390745,51,100,0,1,21200965.281355,24,140,0,1,20693857.110892,66,136,0,12,25128225.044408,
3,1553680284,0.795000,11,128,0,1,22384121.235857,10,144,0,1,22488769.528533,35,132,0,1,21482625.040389,
22,1553680284,0.995000,13,164,0,1,19419042.656959,30,144,0,1,22344772.286170,15,176,0,1,19206438.714388,28,160,0,1,19790077.510294,17,152,0,1,21484874.905174,20,132,0,1,21491924.269635,42,160,0,1,20164065.662292,84,152,0,12,21387238.675168,34,180,0,1,18404204.343873,67,156,0,12,20672220.871895,61,160,0,12,22707399.613923,62,148,0,12,23963123.843752,71,116,0,12,23311523.080832,52,132,2,1,20163886.980275,44,168,0,1,19037998.300629,33,108,2,1,19988365.022829,18,92,0,1,22700102.292543,83,108,0,12,23491368.741754,43,172,0,1,17552763.596247,51,100,0,1,21201058.325916,24,140,0,1,20693739.461524,66,136,0,12,25128130.202475,
3,1553680284,0.995000,11,128,0,1,22384088.900603,10,144,0,1,22488690.007891,35,136,0,1,21482475.509473,
22,1553680285,0.195000,13,164,0,1,19419123.224615,30,144,0,1,22344900.510370,15,176,0,1,19206452.151055,28,160,0,1,19790138.114900,17,152,0,1,21484770.046816,20,132,0,1,21491919.854729,42,160,0,1,20164197.324185,84,152,0,12,21387271.184923,34,180,0,1,18404178.447750,67,156,0,12,20672224.030384,61,160,0,12,22707323.478623,62,148,0,12,23963225.089915,71,116,0,12,23311479.106283,52,132,2,1,20163825.538059,44,168,0,1,19037886.985690,33,108,2,1,19988510.034138,18,92,0,1,22700046.399496,83,108,0,12,23491473.425610,43,172,0,1,17552767.923901,51,100,0,1,21201150.881871,24,140,0,1,20693621.916857,66,136,0,12,25128035.517593,
3,1553680285,0.195000,11,128,0,1,22384056.600250,10,144,0,1,22488610.295296,35,136,0,1,21482326.030908,
22,1553680285,0.395000,13,164,0,1,19419203.827170,30,144,0,1,22345028.752020,15,176,0,1,19206465.587723,28,160,0,1,19790198.789308,17,152,0,1,21484665.101206,20,132,0,1,21491915.596876,42,160,0,1,20164329.003528,84,152,0,12,21387303.607428,34,180,0,1,18404152.638878,67,156,0,12,20672227.258675,61,160,0,12,22707247.692327,62,148,0,12,23963326.318628,71,116,0,12,23311435.166635,52,132,2,1,20163763.624686,44,168,0,1,19037775.600950,33,108,2,1,19988654.888396,18,92,0,1,22699991.553462,83,108,0,12,23491579.488033,43,172,0,1,17552772.251555,51,100,0,1,21201243.228423,24,140,0,1,20693504.302390,66,136,0,12,25127940.693110,
3,1553680285,0.395000,11,128,0,1,22384024.247547,10,140,0,1,22488530.652503,35,136,0,1,21482176.499992,
