obsCount, time1, time2, sat, SNR, LLI, code,P
21,1552384007,0.800000,8,140,2,1,23905894.992839,7,108,2,1,24324980.477813,28,184,0,1,20964460.036786,30,172,0,1,21680387.729312,43,172,0,1,19659003.847863,13,168,0,1,20300165.610303,15,172,2,1,21520755.833488,5,144,2,1,23988135.234063,80,176,0,12,23598413.167453,78,140,0,12,24147341.429875,63,132,0,12,24850092.672389,86,164,0,12,25010816.541763,34,160,0,1,19449627.632342,44,148,0,1,19565033.563500,35,136,0,1,21786267.501817,33,128,0,1,22391024.890074,60,160,0,12,26350875.004045,52,128,0,1,22361090.138955,42,100,0,1,23633162.911165,21,104,0,1,25818046.445336,93,128,0,1,39384524.023576,
21,1552384008,0.000000,8,140,2,1,23905954.306129,7,104,2,1,24325107.332171,28,184,0,1,20964442.438241,30,172,0,1,21680481.716185,43,172,0,1,19659071.284230,13,168,0,1,20300158.656391,15,172,2,1,21520677.813564,5,144,2,1,23988273.527039,80,176,0,12,23598391.913088,78,140,0,12,24147404.939943,63,132,0,12,24850033.612127,86,164,0,12,25010900.913566,34,160,0,1,19449643.180486,44,148,0,1,19564969.861480,35,136,0,1,21786135.665422,33,128,0,1,22391184.341439,60,160,0,12,26350766.699268,52,124,0,1,22361043.834803,42,100,0,1,23633320.085277,21,104,0,1,25818120.783264,93,128,0,1,39384524.599434,
21,1552384008,0.200000,8,140,2,1,23906013.854997,7,104,2,1,24325233.697923,28,184,0,1,20964424.970573,30,172,0,1,21680575.877560,43,172,0,1,19659138.877648,13,168,0,1,20300151.789730,15,172,1,1,21520599.985593,5,144,1,1,23988411.820014,80,176,0,12,23598370.327169,78,144,0,12,24147468.519811,63,132,0,12,24849974.543140,86,164,0,12,25010985.608197,34,160,0,1,19449658.955483,44,148,0,1,19564906.107109,35,136,0,1,21786005.687475,33,132,0,1,22391348.958068,60,160,0,12,26350658.403217,52,128,0,1,22360999.101169,42,100,0,1,23633477.407715,21,104,0,1,25818196.089678,93,128,0,1,39384525.218916,
21,1552384008,0.400000,8,140,2,1,23906073.456216,7,108,2,1,24325360.081125,28,180,0,1,20964407.520356,30,180,0,1,21680669.855707,43,172,0,1,19659206.418716,13,164,0,1,20300144.896894,15,172,0,1,21520522.148897,5,148,0,1,23988550.217691,80,176,0,12,23598348.758700,78,144,0,12,24147532.082229,63,132,0,12,24849915.587579,86,164,0,12,25011069.980000,34,160,0,1,19449674.555977,44,148,0,1,19564842.239312,35,132,0,1,21785875.805505,33,132,0,1,22391511.585372,60,160,0,12,26350549.775611,52,128,0,1,22360951.706378,42,100,0,1,23633634.267722,21,104,0,1,25818269.293342,93,132,0,1,39384525.934375,
21,1552384008,0.600000,8,140,2,1,23906132.978908,7,108,2,1,24325486.577753,28,180,0,1,20964390.192289,30,180,0,1,21680763.921106,43,164,0,1,19659273.732931,13,168,0,1,20300137.969158,15,172,0,1,21520444.181324,5,148,0,1,23988688.589193,80,176,0,12,23598327.356008,78,144,0,12,24147595.766799,63,132,0,12,24849855.340702,86,164,0,12,25011154.613556,34,160,0,1,19449690.226273,44,148,0,1,19564778.528567,35,132,0,1,21785744.955047,33,128,0,1,22391676.202001,60,160,0,12,26350441.462110,52,128,0,1,22360906.466688,42,100,0,1,23633790.848526,21,100,0,1,25818343.509118,93,132,0,1,39384526.580033,
21,1552384008,0.800000,8,136,2,1,23906192.588852,7,104,2,1,24325612.917330,28,180,0,1,20964372.724621,30,184,0,1,21680857.942879,43,164,0,1,19659341.221648,13,168,0,1,20300131.041421,15,172,0,1,21520366.370803,5,148,0,1,23988827.021770,80,176,0,12,23598305.996941,78,144,0,12,24147659.503719,63,132,0,12,24849794.465618,86,164,0,12,25011238.924283,34,160,0,1,19449706.009995,44,148,0,1,19564714.896348,35,132,0,1,21785614.505944,33,128,0,1,22391837.084283,60,160,0,12,26350333.392911,52,128,0,1,22360861.541103,42,100,0,1,23633947.725983,21,104,0,1,25818418.684656,93,136,0,1,39384527.234416,
21,1552384009,0.000000,8,136,2,1,23906252.085370,7,108,2,1,24325739.762962,28,180,0,1,20964355.396555,30,188,0,1,21680951.990828,43,164,0,1,19659408.780166,13,172,0,1,20300124.331813,15,172,0,1,21520288.595183,5,148,0,1,23988965.436897,80,176,0,12,23598284.454647,78,144,0,12,24147723.127213,63,112,0,12,24849735.222128,86,164,0,12,25011323.269911,34,168,0,1,19449721.619214,44,148,0,1,19564651.203054,35,132,0,1,21785484.772301,33,132,0,1,22392001.334458,60,152,0,12,26350225.149211,52,128,0,1,22360816.868546,42,100,0,1,23634104.708142,21,100,0,1,25818492.612503,93,136,0,1,39384527.897525,
21,1552384009,0.200000,8,136,2,1,23906311.686588,7,108,2,1,24325867.315329,28,180,0,1,20964337.893987,30,188,0,1,21681045.785748,43,164,0,1,19659476.286333,13,172,0,1,20300117.386626,15,168,0,1,21520210.924264,5,152,0,1,23989103.956726,80,176,0,12,23598263.287533,78,144,0,12,24147787.082261,63,116,0,12,24849676.353819,86,164,0,12,25011407.449761,34,164,0,1,19449737.341861,44,148,0,1,19564587.640635,35,128,0,1,21785354.375548,33,132,0,1,22392167.600133,60,152,0,12,26350116.626307,52,128,0,1,22360772.510092,42,100,0,1,23634262.283608,21,100,0,1,25818566.418199,93,136,0,1,39384528.578083,
21,1552384009,0.400000,8,136,2,1,23906371.200556,7,108,2,1,24325994.274388,28,180,0,1,20964320.513570,30,188,0,1,21681139.702820,43,168,0,1,19659543.827401,13,172,0,1,20300110.493790,15,168,0,1,21520133.174819,5,152,0,1,23989242.415478,80,176,0,12,23598241.823765,78,144,0,12,24147850.845357,63,116,0,12,24849617.677462,86,164,0,12,25011491.446384,34,164,0,1,19449753.116858,44,148,0,1,19564523.921165,35,128,0,1,21785223.943896,33,132,0,1,22392331.928833,60,152,0,12,26350008.452407,52,128,0,1,22360722.454142,42,100,0,1,23634419.283217,21,100,0,1,25818641.096406,93,136,0,1,39384529.197566,
21,1552384009,0.600000,8,136,2,1,23906430.740699,7,112,2,1,24326120.954244,28,180,0,1,20964302.984826,30,188,0,1,21681233.663517,43,168,0,1,19659611.368469,13,172,0,1,20300103.539878,15,168,0,1,21520055.303222,5,152,0,1,23989380.778255,80,176,0,12,23598220.517050,78,144,0,12,24147914.556102,63,116,0,12,24849558.119869,86,164,0,12,25011576.158466,34,164,0,1,19449768.918030,44,148,0,1,19564460.271496,35,128,0,1,21785093.520969,33,132,0,1,22392492.645338,60,152,0,12,26349899.772451,52,128,0,1,22360674.012338,42,100,0,1,23634576.326452,21,104,0,1,25818716.158518,93,140,0,1,39384529.860674,
22,1552384009,0.800000,8,136,2,1,23906490.254666,7,112,2,1,24326248.192506,28,180,0,1,20964285.691661,30,180,0,1,21681327.772542,43,172,0,1,19659678.953162,13,172,0,1,20300096.777919,15,168,0,1,21519977.588677,5,160,0,1,23989519.036330,20,112,0,1,24136254.907140,80,176,0,12,23598199.149258,78,144,0,12,24147978.493699,63,116,0,12,24849499.574388,86,168,0,12,25011660.565169,34,160,0,1,19449784.710477,44,148,0,1,19564396.656727,35,128,0,1,21784963.176567,33,132,0,1,22392656.546509,60,152,0,12,26349791.258272,52,128,0,1,22360627.708185,42,100,0,1,23634733.299885,21,100,0,1,25818791.770311,93,156,0,1,39384530.410356,
21,1552384010,0.000000,8,120,2,1,23906550.196164,7,112,2,1,24326373.877700,28,184,0,1,20964268.494471,30,180,0,1,21681421.925191,43,172,0,1,19659746.468055,13,168,0,1,20300090.103210,15,168,0,1,21519899.717081,5,152,0,1,23989657.268230,20,112,0,1,24136156.802016,80,176,0,12,23598177.790191,78,152,0,12,24148042.431297,63,120,0,12,24849440.295998,86,168,0,12,25011744.736295,34,160,0,1,19449800.555274,44,148,0,1,19564333.007058,35,128,0,1,21784832.971768,33,116,0,1,22392820.561105,60,136,0,12,26349682.525965,52,128,0,1,22360581.657061,42,100,0,1,23634890.535072,93,148,0,1,39384530.776811,
21,1552384010,0.200000,8,120,2,1,23906611.751807,7,112,0,1,24326501.124687,28,180,0,1,20964251.079154,30,180,0,1,21681515.746287,43,172,0,1,19659814.122549,13,168,0,1,20300083.271450,15,168,0,1,21519821.801858,5,152,0,1,23989795.535030,20,112,0,1,24136061.811756,80,180,0,12,23598156.317699,78,144,0,12,24148106.159492,63,120,0,12,24849384.167373,86,160,0,12,25011829.142998,34,160,0,1,19449816.173219,44,148,0,1,19564269.418465,35,132,0,1,21784702.714617,33,116,0,1,22392984.671678,60,136,0,12,26349574.177563,52,128,0,1,22360534.794501,42,96,0,1,23635047.386354,93,136,0,1,39384531.247967,
21,1552384010,0.400000,8,120,2,1,23906667.705931,7,76,0,1,24326629.418688,28,184,0,1,20964233.855789,30,188,0,1,21681609.794236,43,172,0,1,19659881.628716,13,168,0,1,20300076.387339,15,168,0,1,21519744.026238,5,144,0,1,23989933.618603,20,112,0,1,24135959.850134,80,180,0,12,23598135.098234,78,152,0,12,24148170.236692,63,124,0,12,24849326.075598,86,156,0,12,25011913.139621,34,164,0,1,19449831.878415,44,148,0,1,19564205.733895,35,132,0,1,21784572.317865,33,132,0,1,22393152.848151,60,136,0,12,26349465.183503,52,128,0,1,22360492.163619,42,96,0,1,23635204.918195,93,140,0,1,39384531.762748,
21,1552384010,0.600000,8,96,2,1,23906730.788468,7,112,0,1,24326756.683126,28,184,0,1,20964216.562623,30,188,0,1,21681703.981786,43,168,0,1,19659949.335561,13,172,0,1,20300069.494503,15,168,0,1,21519666.276793,5,144,0,1,23990071.763252,20,116,0,1,24135860.750347,80,176,0,12,23598113.686817,78,152,0,12,24148234.183015,63,124,0,12,24849267.704620,86,156,0,12,25011997.310746,34,168,0,1,19449847.679587,44,148,0,1,19564142.188927,35,136,0,1,21784441.990914,33,132,0,1,22393318.677570,60,140,0,12,26349356.678049,52,128,0,1,22360447.883691,42,96,0,1,23635361.882904,93,148,0,1,39384532.155378,
22,1552384010,0.800000,8,100,2,1,23906795.188496,7,112,0,1,24326885.046928,28,184,0,1,20964199.077505,30,176,0,1,21681798.221687,43,168,0,1,19660016.955155,13,172,0,1,20300062.854695,15,168,0,1,21519588.527348,5,144,0,1,23990209.977701,20,116,0,1,24135762.610322,80,176,0,12,23598092.371376,78,152,0,12,24148297.911210,63,128,0,12,24849208.775234,86,168,0,12,25012081.813426,34,168,0,1,19449863.463309,44,148,0,1,19564078.801011,35,136,0,1,21784311.733764,33,132,0,1,22393480.702842,60,148,0,12,26349248.155145,52,128,0,1,22360402.617827,42,96,0,1,23635518.803987,21,100,0,1,25819164.367360,93,128,0,1,39384532.774861,
22,1552384011,0.000000,8,104,2,1,23906854.231308,7,112,0,1,24327012.730171,28,180,0,1,20964181.548761,30,176,0,1,21681892.365611,43,172,0,1,19660084.609649,13,168,0,1,20300056.179987,15,172,0,1,21519510.873879,5,144,0,1,23990348.131075,20,116,3,1,24135667.890541,80,176,0,12,23598071.143186,78,152,0,12,24148361.805182,63,128,0,12,24849150.264654,86,168,0,12,25012166.272479,34,164,0,1,19449879.229581,44,148,0,1,19564015.212418,35,144,0,1,21784181.494064,33,132,0,1,22393644.342259,60,148,0,12,26349139.771843,52,124,0,1,22360354.865306,42,92,0,1,23635676.362003,21,104,0,1,25819238.574411,93,140,0,1,39384533.246016,
21,1552384011,0.200000,8,104,3,1,23906910.979416,7,108,0,1,24327141.486603,28,180,0,1,20964164.220695,30,180,0,1,21681986.387385,43,172,0,1,19660152.220518,13,168,0,1,20300049.409303,15,176,0,1,21519433.202960,5,140,0,1,23990486.572377,20,116,2,1,24135570.020994,80,176,0,12,23598049.574717,78,152,0,12,24148425.411226,63,128,0,12,24849091.841325,86,160,0,12,25012250.469780,34,164,0,1,19449894.899877,44,148,0,1,19563951.527848,35,136,0,1,21784051.245638,33,128,0,1,22393808.269604,60,140,0,12,26349031.205313,52,124,0,1,22360311.955220,42,92,0,1,23635833.571014,93,140,3,1,39384533.769523,
21,1552384011,0.400000,8,104,2,1,23906969.568522,7,108,0,1,24327270.147058,28,180,0,1,20964146.796652,30,172,0,1,21682080.374257,43,172,0,1,19660219.761585,13,168,0,1,20300042.664794,15,176,0,1,21519355.340088,5,144,0,1,23990624.743202,20,116,2,1,24135475.466990,80,172,0,12,23598028.014973,78,152,0,12,24148489.462250,63,132,0,12,24849033.566323,86,160,0,12,25012334.614730,34,164,0,1,19449910.709774,44,148,0,1,19563887.843279,35,136,0,1,21783921.067014,33,128,0,1,22393970.076748,60,148,0,12,26348922.682409,52,124,0,1,22360261.166362,42,92,0,1,23635990.701500,93,132,2,1,39384534.310480,
21,1552384011,0.600000,8,108,2,1,23907028.122728,7,112,0,1,24327398.327632,28,180,0,1,20964129.346435,30,184,0,1,21682174.099377,43,172,0,1,19660287.573131,13,172,0,1,20300035.754507,15,176,0,1,21519277.773870,5,144,0,1,23990763.062352,20,116,2,1,24135381.610993,80,176,0,12,23598006.865309,78,152,0,12,24148553.382398,63,132,0,12,24848975.457098,86,160,0,12,25012418.881831,34,152,0,1,19449926.423695,44,156,0,1,19563824.245960,35,136,0,1,21783790.984366,33,128,0,1,22394132.965806,60,152,0,12,26348814.325282,52,124,0,1,22360217.183088,42,92,0,1,23636147.945412,93,128,2,1,39384534.825261,
21,1552384011,0.800000,8,128,3,1,23907082.802985,7,112,0,1,24327529.535820,28,184,0,1,20964112.070719,30,184,0,1,21682268.016449,43,168,0,1,19660355.349777,13,172,0,1,20300028.992548,15,176,0,1,21519200.006975,5,144,0,1,23990901.311703,20,116,2,1,24135286.550932,80,176,0,12,23597985.532418,78,148,0,12,24148617.145493,63,132,0,12,24848916.972693,86,160,0,12,25012503.079132,34,148,0,1,19449942.181242,44,156,0,1,19563760.570115,35,136,0,1,21783660.701040,33,128,0,1,22394302.006065,60,148,0,12,26348705.968155,52,124,0,1,22360170.337978,42,92,0,1,23636304.971196,93,128,2,1,39384535.296417,
21,1552384012,0.000000,8,128,2,1,23907142.953886,7,112,0,1,24327658.004323,28,180,0,1,20964094.655402,30,184,0,1,21682361.994596,43,164,0,1,19660422.838494,13,172,0,1,20300022.282939,15,176,0,1,21519122.213904,5,144,0,1,23991039.465076,20,116,2,1,24135192.145254,80,176,0,12,23597964.417654,78,148,0,12,24148680.917314,63,136,0,12,24848858.723867,86,160,0,12,25012587.381134,34,148,0,1,19449957.790461,44,156,0,1,19563697.094948,35,136,0,1,21783530.452615,33,128,0,1,22394467.233452,60,148,0,12,26348597.506326,52,124,0,1,22360123.475419,42,92,0,1,23636461.735227,93,140,2,1,39384535.654146,
21,1552384012,0.200000,8,128,2,1,23907201.804745,7,108,0,1,24327787.275536,28,180,0,1,20964077.196459,30,184,0,1,21682455.990194,43,164,0,1,19660490.431913,13,168,0,1,20300015.503530,15,176,0,1,21519044.647686,5,144,0,1,23991177.836578,20,116,2,1,24135097.783202,80,176,0,12,23597942.884085,78,152,0,12,24148744.689135,63,136,0,12,24848800.728068,86,160,0,12,25012671.648235,34,148,0,1,19449973.600359,44,156,0,1,19563633.401654,35,140,0,1,21783400.108214,33,128,0,1,22394631.684304,60,148,0,12,26348489.349877,52,124,0,1,22360077.747123,42,92,0,1,23636619.424120,93,128,2,1,39384536.046776,
22,1552384012,0.400000,8,128,2,1,23907261.981821,7,108,0,1,24327916.293721,28,180,0,1,20964059.833492,30,180,0,1,21682549.994517,43,168,0,1,19660558.138757,13,160,0,1,20300008.750295,15,176,0,1,21518967.020393,5,148,0,1,23991316.024852,20,116,2,1,24135005.733303,80,176,0,12,23597921.874023,78,152,0,12,24148808.565657,63,136,0,12,24848742.636293,86,160,0,12,25012756.220716,34,148,0,1,19449989.200853,44,148,0,1,19563569.664733,35,140,0,1,21783269.955765,33,132,0,1,22394794.049855,60,152,0,12,26348381.306854,52,124,0,1,22360030.064403,42,88,0,1,23636776.894885,21,108,3,1,25819762.395047,93,128,2,1,39384536.456857,
22,1552384012,0.600000,8,128,2,1,23907320.850130,7,108,0,1,24328045.303180,28,176,0,1,20964042.383275,30,180,0,1,21682644.016290,43,168,0,1,19660625.688550,13,164,0,1,20300001.813834,15,176,0,1,21518889.401824,5,148,0,1,23991454.396354,20,112,2,1,24134908.701368,80,176,0,12,23597900.410255,78,152,0,12,24148872.389828,63,136,0,12,24848684.727746,86,160,0,12,25012840.723395,34,148,0,1,19450004.879874,44,148,0,1,19563506.163391,35,140,0,1,21783139.672439,33,128,0,1,22394956.354330,60,152,0,12,26348273.019528,52,124,0,1,22359981.997778,42,88,0,1,23636934.278399,21,108,2,1,25819837.221581,93,128,2,1,39384536.954188,
22,1552384012,0.800000,8,128,2,1,23907382.362148,7,108,0,1,24328169.583631,28,176,0,1,20964024.959232,30,180,0,1,21682738.038064,43,168,0,1,19660693.273244,13,164,0,1,20299995.043149,15,172,0,1,21518811.442976,5,148,0,1,23991592.610803,20,112,2,1,24134817.637406,80,176,0,12,23597879.225691,78,152,0,12,24148936.126748,63,136,0,12,24848626.635971,86,160,0,12,25012925.095198,34,148,0,1,19450020.742122,44,148,0,1,19563442.548622,35,140,0,1,21783009.441464,33,128,0,1,22395119.758169,60,140,0,12,26348164.365747,52,124,0,1,22359937.569524,42,88,0,1,23637091.557211,21,108,2,1,25819912.440745,93,128,2,1,39384537.390443,
22,1552384013,0.000000,8,124,2,1,23907441.125756,7,104,0,1,24328293.541253,28,176,0,1,20964007.622441,30,180,0,1,21682832.024936,43,168,0,1,19660761.023714,13,168,0,1,20299988.438242,15,172,0,1,21518733.693531,5,148,0,1,23991730.895054,20,112,2,1,24134721.617583,80,176,0,12,23597858.041127,78,152,0,12,24148999.916019,63,136,0,12,24848568.352243,86,160,0,12,25013009.484451,34,148,0,1,19450036.264091,44,152,0,1,19563378.898953,35,140,0,1,21782879.219214,33,132,0,1,22395283.275434,60,144,0,12,26348056.104596,52,124,0,1,22359892.818440,42,88,0,1,23637248.425943,21,108,2,1,25819987.659908,93,132,2,1,39384537.748173,
22,1552384013,0.200000,8,124,2,1,23907504.164668,7,108,0,1,24328418.650589,28,180,0,1,20963990.215849,30,180,0,1,21682926.037984,43,168,0,1,19660828.704384,13,168,0,1,20299981.667557,15,172,0,1,21518655.935361,5,144,0,1,23991868.952452,20,112,2,1,24134628.302544,80,180,0,12,23597836.943813,78,152,0,12,24149063.618039,63,132,0,12,24848509.928914,86,160,0,12,25013093.882429,34,156,0,1,19450052.100163,44,152,0,1,19563315.162033,35,140,0,1,21782748.953339,33,128,0,1,22395447.673936,60,152,0,12,26347947.590417,52,124,0,1,22359843.408149,42,88,0,1,23637405.303401,21,108,2,1,25820062.599868,93,132,2,1,39384538.166978,
22,1552384013,0.400000,8,104,2,1,23907560.075165,7,104,0,1,24328545.461321,28,180,0,1,20963972.765631,30,176,0,1,21683020.147009,43,172,0,1,19660896.402503,13,168,0,1,20299974.966674,15,176,0,1,21518578.185916,5,148,0,1,23992007.227977,20,112,2,1,24134533.661288,80,176,0,12,23597815.733074,78,148,0,12,24149127.154282,63,132,0,12,24848451.662637,86,160,0,12,25013178.114630,34,156,0,1,19450067.892610,44,148,0,1,19563251.486188,35,128,0,1,21782618.635113,33,132,0,1,22395608.372991,60,152,0,12,26347839.329266,52,124,0,1,22359798.622165,42,88,0,1,23637562.137233,21,108,2,1,25820138.490865,93,132,2,1,39384538.734110,
22,1552384013,0.600000,8,104,2,1,23907621.639534,7,104,0,1,24328672.769385,28,180,0,1,20963955.481190,30,180,0,1,21683114.090256,43,172,0,1,19660964.179149,13,168,0,1,20299968.318141,15,176,0,1,21518500.471371,5,156,0,1,23992145.337725,20,112,2,1,24134439.360311,80,176,0,12,23597794.251856,78,148,0,12,24149190.803951,63,132,0,12,24848393.195683,86,164,0,12,25013262.556234,34,160,0,1,19450083.763583,44,152,0,1,19563187.976121,35,128,0,1,21782488.412863,33,128,0,1,22395772.378862,60,152,0,12,26347730.919788,52,124,0,1,22359751.733430,42,88,0,1,23637719.093216,21,112,2,1,25820214.538914,93,144,2,1,39384539.152915,
22,1552384013,0.800000,8,104,2,1,23907685.393904,7,104,0,1,24328798.585455,28,180,0,1,20963938.013522,30,176,0,1,21683208.120754,43,172,0,1,19661031.842368,13,168,0,1,20299961.547456,15,172,0,1,21518422.756826,5,144,0,1,23992283.691777,20,112,2,1,24134344.204274,80,176,0,12,23597772.988765,78,152,0,12,24149254.479796,63,132,0,12,24848334.929406,86,168,0,12,25013346.544132,34,160,0,1,19450099.512405,44,152,0,1,19563124.509679,35,128,0,1,21782358.112087,33,132,0,1,22395936.218956,60,148,0,12,26347622.108956,52,124,0,1,22359705.228600,42,92,0,1,23637875.996849,21,112,2,1,25820290.133257,93,152,2,1,39384539.720047,
22,1552384014,0.000000,8,124,2,1,23907746.617993,7,104,0,1,24328928.711728,28,180,0,1,20963920.746532,30,180,0,1,21683302.203603,43,172,0,1,19661099.601564,13,168,0,1,20299954.776772,15,172,0,1,21518344.937580,5,144,0,1,23992421.801525,20,112,0,1,24134248.777758,80,176,0,12,23597751.568623,78,148,0,12,24149318.216716,63,132,0,12,24848276.767830,86,168,0,12,25013431.046811,34,160,0,1,19450115.304852,44,152,0,1,19563060.781484,35,128,0,1,21782227.662984,33,128,0,1,22396100.294629,60,148,0,12,26347513.751829,52,124,0,1,22359658.322414,42,92,0,1,23638033.118610,21,108,2,1,25820364.759114,93,140,2,1,39384540.121402,
22,1552384014,0.200000,8,124,2,1,23907810.791169,7,104,0,1,24329054.902978,28,184,0,1,20963903.479541,30,184,0,1,21683396.190476,43,168,0,1,19661167.500361,13,172,0,1,20299947.901386,15,172,0,1,21518267.065984,5,152,0,1,23992560.251552,20,108,0,1,24134152.147177,80,172,0,12,23597729.982704,78,148,0,12,24149382.101963,63,128,0,12,24848218.423027,86,168,0,12,25013515.462239,34,164,0,1,19450131.132199,44,152,0,1,19562997.262691,35,128,0,1,21782099.325358,33,132,0,1,22396265.347513,60,148,0,12,26347405.115498,52,124,0,1,22359613.998861,42,92,0,1,23638190.126944,21,108,0,1,25820439.829950,93,148,2,1,39384540.514032,
21,1552384014,0.400000,8,124,2,1,23907868.769517,7,104,0,1,24329183.275505,28,180,0,1,20963886.107850,30,172,0,1,21683490.011571,43,168,0,1,19661235.224656,13,172,0,1,20299941.026000,15,168,0,1,21518189.307813,5,152,0,1,23992698.579428,80,176,0,12,23597708.518936,78,148,0,12,24149445.891234,63,112,0,12,24848158.612406,86,164,0,12,25013599.834042,34,168,0,1,19450146.846120,44,160,0,1,19562933.682823,35,128,0,1,21781971.642115,33,132,0,1,22396429.414460,60,148,0,12,26347296.487893,52,128,0,1,22359568.000087,42,92,0,1,23638346.899700,21,108,0,1,25820515.110190,93,140,2,1,39384541.037539,
21,1552384014,0.600000,8,140,2,1,23907928.396911,7,104,0,1,24329314.754170,28,180,0,1,20963868.544205,30,172,0,1,21683583.885018,43,168,0,1,19661302.948951,13,172,0,1,20299934.333842,15,164,0,1,21518111.523468,5,152,0,1,23992836.942205,80,176,0,12,23597687.212220,78,148,0,12,24149509.811382,63,108,0,12,24848099.848798,86,164,0,12,25013684.074968,34,164,0,1,19450162.586217,44,160,0,1,19562870.129130,35,128,0,1,21781840.634605,33,128,0,1,22396592.984076,60,136,0,12,26347187.930088,52,132,0,1,22359519.244179,42,92,0,1,23638503.454328,21,108,0,1,25820591.245490,93,140,2,1,39384541.534870,
21,1552384014,0.800000,8,140,2,1,23907985.825578,7,104,0,1,24329446.372437,28,180,0,1,20963851.111438,30,172,0,1,21683677.723564,43,168,0,1,19661370.769222,13,172,0,1,20299927.563157,15,164,0,1,21518033.791473,5,160,0,1,23992975.304981,80,176,0,12,23597665.835703,78,148,0,12,24149573.609378,63,112,0,12,24848040.657659,86,164,0,12,25013768.455496,34,164,0,1,19450178.369939,44,160,0,1,19562806.732489,35,124,0,1,21781710.770084,33,128,0,1,22396755.052974,60,136,0,12,26347079.337383,52,132,0,1,22359469.912414,42,88,0,1,23638660.506288,21,104,0,1,25820666.141824,93,140,2,1,39384542.189253,
21,1552384015,0.000000,8,140,2,1,23908046.569786,7,108,3,1,24329576.123532,28,180,0,1,20963833.635045,30,176,0,1,21683771.448683,43,172,0,1,19661438.554593,13,176,0,1,20299920.783748,15,164,0,1,21517956.138004,5,160,0,1,23993113.667758,80,176,0,12,23597644.179983,78,148,0,12,24149637.442274,63,112,0,12,24847982.208155,86,160,0,12,25013852.818574,34,164,0,1,19450194.153661,44,160,0,1,19562743.414374,35,124,0,1,21781582.589510,33,124,0,1,22396919.364224,60,136,0,12,26346970.683602,52,132,0,1,22359423.678062,42,88,0,1,23638817.462271,21,104,0,1,25820741.805968,93,140,2,1,39384542.791286,
21,1552384015,0.200000,8,140,2,1,23908105.089091,7,108,2,1,24329710.498933,28,180,0,1,20963816.149927,30,180,0,1,21683865.444281,43,172,0,1,19661506.331239,13,176,0,1,20299914.047964,15,164,0,1,21517878.362384,5,152,0,1,23993252.170136,80,176,0,12,23597622.794741,78,148,0,12,24149701.397322,63,116,0,12,24847923.147893,86,160,0,12,25013937.059500,34,164,0,1,19450209.972283,44,156,0,1,19562679.843230,35,124,0,1,21781452.297459,33,124,0,1,22397082.139855,60,148,0,12,26346862.335200,52,132,0,1,22359374.642950,42,84,0,1,23638974.252478,21,104,0,1,25820817.164734,93,140,2,1,39384543.253716,
21,1552384015,0.400000,8,140,2,1,23908166.627284,7,108,2,1,24329840.939311,28,180,0,1,20963798.734609,30,180,0,1,21683959.396253,43,172,0,1,19661574.020633,13,176,0,1,20299907.338355,15,164,0,1,21517800.927042,5,144,0,1,23993390.585263,80,176,0,12,23597601.330974,78,148,0,12,24149765.204043,63,116,0,12,24847869.985804,86,160,0,12,25014021.282976,34,164,0,1,19450225.660029,44,156,0,1,19562616.167386,35,124,0,1,21781322.659792,33,124,0,1,22397245.098713,60,148,0,12,26346754.056599,52,136,0,1,22359332.491949,42,84,0,1,23639131.199736,21,104,0,1,25820892.575850,93,140,2,1,39384543.698697,
21,1552384015,0.600000,8,140,2,1,23908224.701608,7,108,2,1,24329970.751481,28,180,0,1,20963781.249491,30,180,0,1,21684053.383126,43,172,0,1,19661641.823454,13,172,0,1,20299900.410619,15,168,0,1,21517723.195047,5,144,0,1,23993528.948040,80,176,0,12,23597580.006807,78,148,0,12,24149829.159091,63,120,0,12,24847806.318685,86,160,0,12,25014105.349400,34,164,0,1,19450241.417575,44,156,0,1,19562552.727119,35,124,0,1,21781190.762321,33,128,0,1,22397409.392513,60,148,0,12,26346645.743098,52,136,0,1,22359287.112658,42,84,0,1,23639288.138269,21,104,0,1,25820967.637961,93,140,2,1,39384544.100052,
21,1552384015,0.800000,8,144,2,1,23908285.341115,7,108,2,1,24330102.317397,28,180,0,1,20963763.781823,30,180,0,1,21684147.326373,43,172,0,1,19661709.704801,13,172,0,1,20299893.613759,15,168,0,1,21517645.620104,5,144,0,1,23993667.319541,80,176,0,12,23597558.586665,78,148,0,12,24149892.791310,63,124,0,12,24847752.353887,86,160,0,12,25014189.817179,34,164,0,1,19450257.262373,44,156,0,1,19562489.199602,35,124,0,1,21781059.144054,33,128,0,1,22397572.796352,60,152,0,12,26346537.438321,52,136,0,1,22359239.595715,42,80,0,1,23639444.849950,21,104,0,1,25821042.246367,93,140,2,1,39384544.684634,
21,1552384016,0.000000,8,144,2,1,23908342.124124,7,108,2,1,24330230.087892,28,184,0,1,20963746.383956,30,176,0,1,21684241.426672,43,172,0,1,19661777.402921,13,168,0,1,20299886.755823,15,168,0,1,21517567.827034,5,144,0,1,23993805.629967,80,176,0,12,23597537.358475,78,148,0,12,24149956.484605,63,124,0,12,24847696.024584,86,160,0,12,25014273.691650,34,148,0,1,19450273.072270,44,148,0,1,19562425.672084,35,136,0,1,21780929.855390,33,128,0,1,22397736.697522,60,152,0,12,26346428.915417,52,136,0,1,22359192.410326,42,80,0,1,23639601.718682,21,100,0,1,25821117.779635,93,140,2,1,39384545.094714,
21,1552384016,0.200000,8,144,2,1,23908402.152873,7,108,2,1,24330358.800698,28,180,0,1,20963728.977364,30,172,0,1,21684335.439721,43,176,0,1,19661845.101041,13,164,0,1,20299880.072390,15,168,0,1,21517490.033963,5,152,0,1,23993943.949118,80,176,0,12,23597515.947058,78,148,0,12,24150020.221525,63,124,0,12,24847638.491216,86,160,0,12,25014358.159429,34,140,0,1,19450288.829817,44,148,0,1,19562362.275443,35,136,0,1,21780804.335974,33,104,0,1,22397898.879846,60,144,0,12,26346320.375063,52,132,0,1,22359147.318963,42,80,0,1,23639758.439088,21,100,0,1,25821193.461229,93,148,2,1,39384545.496069,
21,1552384016,0.400000,8,132,2,1,23908463.333336,7,108,2,1,24330486.004060,28,180,0,1,20963711.623122,30,176,0,1,21684429.557470,43,176,0,1,19661912.790436,13,172,0,1,20299873.362781,15,168,0,1,21517412.301968,5,160,0,1,23994082.137392,80,176,0,12,23597494.718868,78,148,0,12,24150083.696693,63,128,0,12,24847581.245777,86,160,0,12,25014442.417806,34,152,0,1,19450304.683340,44,148,0,1,19562298.782826,35,136,0,1,21780674.235876,33,124,0,1,22398062.292410,60,144,0,12,26346212.061561,52,132,0,1,22359100.552380,42,76,0,1,23639915.421247,21,100,0,1,25821268.785094,93,156,2,1,39384545.975950,
21,1552384016,0.600000,8,132,2,1,23908524.923879,7,108,2,1,24330611.462400,28,180,0,1,20963694.295056,30,180,0,1,21684523.788646,43,172,0,1,19661980.654332,13,168,0,1,20299866.705523,15,168,0,1,21517334.587423,5,160,0,1,23994220.412917,80,176,0,12,23597473.490678,78,148,0,12,24150147.555764,63,128,0,12,24847525.710459,86,160,0,12,25014526.728533,34,144,0,1,19450320.440886,44,136,0,1,19562235.202957,35,136,0,1,21780543.734422,33,124,0,1,22398227.493621,60,132,0,12,26346103.608458,52,116,0,1,22359059.125563,42,76,0,1,23640071.906074,21,100,0,1,25821343.716329,93,148,2,1,39384546.516907,
21,1552384016,0.800000,8,112,2,1,23908589.271557,7,112,2,1,24330739.887278,28,180,0,1,20963677.089142,30,176,0,1,21684617.941296,43,168,0,1,19662048.300101,13,172,0,1,20299860.214042,15,168,0,1,21517256.846703,5,160,0,1,23994358.723343,80,176,0,12,23597452.288664,78,148,0,12,24150211.406111,63,128,0,12,24847462.784973,86,160,0,12,25014611.292288,34,144,0,1,19450336.320585,44,140,0,1,19562171.640539,35,136,0,1,21780412.081255,33,124,0,1,22398390.496105,60,132,0,12,26345995.041929,52,116,0,1,22359009.977025,42,80,0,1,23640228.896958,21,104,0,1,25821419.205971,93,144,2,1,39384546.988063,
21,1552384017,0.000000,8,112,2,1,23908654.980352,7,112,2,1,24330866.444982,28,180,0,1,20963659.804701,30,172,0,1,21684711.849642,43,168,0,1,19662116.050572,13,172,0,1,20299853.469533,15,160,0,1,21517179.149609,5,148,0,1,23994497.077395,80,180,0,12,23597430.981948,78,148,0,12,24150275.151756,63,108,0,12,24847398.437295,86,160,0,12,25014695.541939,34,144,0,1,19450352.017055,44,156,0,1,19562107.973420,35,136,0,1,21780279.389799,33,140,0,1,22398554.144247,60,152,0,12,26345886.815678,52,116,0,1,22358961.404343,42,80,0,1,23640385.887842,21,104,0,1,25821493.596249,93,144,2,1,39384547.607546,
21,1552384017,0.200000,8,116,2,1,23908714.127865,7,108,2,1,24330994.398703,28,184,0,1,20963642.485360,30,168,0,1,21684805.740539,43,172,0,1,19662183.835943,13,164,0,1,20299846.759924,15,164,0,1,21517101.321638,5,152,0,1,23994635.483797,80,176,0,12,23597410.155113,78,148,0,12,24150338.810151,63,128,0,12,24847338.679025,86,160,0,12,25014780.088244,34,144,0,1,19450368.010180,44,156,0,1,19562044.524428,35,136,0,1,21780148.731294,33,136,0,1,22398719.947491,60,144,0,12,26345778.275324,52,116,0,1,22358915.545171,42,84,0,1,23640542.704224,21,104,0,1,25821568.597285,93,120,2,1,39384548.122327,
21,1552384017,0.400000,8,120,2,1,23908771.922986,7,108,2,1,24331123.076609,28,188,0,1,20963625.261995,30,168,0,1,21684899.640160,43,172,0,1,19662251.481712,13,156,0,1,20299839.945614,15,168,0,1,21517023.772870,5,152,0,1,23994773.829123,80,176,0,12,23597388.551744,78,148,0,12,24150402.616872,63,128,0,12,24847278.859678,86,160,0,12,25014864.145943,34,144,0,1,19450384.012030,44,156,0,1,19561981.005635,35,136,0,1,21780014.957924,33,136,0,1,22398882.932525,60,132,0,12,26345669.560467,52,116,0,1,22358867.731575,42,84,0,1,23640699.895785,21,104,0,1,25821643.589596,93,124,2,1,39384548.445156,
21,1552384017,0.600000,8,120,2,1,23908833.330303,7,108,2,1,24331250.332322,28,188,0,1,20963608.213132,30,172,0,1,21684993.810261,43,172,0,1,19662319.397959,13,160,0,1,20299833.131304,15,168,0,1,21516946.206652,5,160,0,1,23994912.130824,80,176,0,12,23597367.262478,78,148,0,12,24150466.615545,63,128,0,12,24847223.655915,86,160,0,12,25014948.369419,34,144,0,1,19450400.066230,44,156,0,1,19561917.443217,35,140,0,1,21779883.723562,33,136,0,1,22399047.034373,60,128,0,12,26345561.037563,52,116,0,1,22358822.195231,42,84,0,1,23640856.755792,21,104,0,1,25821719.131588,93,128,2,1,39384549.064639,
21,1552384017,0.800000,8,120,2,1,23908893.184550,7,108,2,1,24331378.818275,28,188,0,1,20963590.919966,30,168,0,1,21685087.893109,43,172,0,1,19662387.026278,13,160,0,1,20299826.255918,15,168,0,1,21516868.614259,5,160,0,1,23995050.397624,80,176,0,12,23597346.060463,78,148,0,12,24150530.640394,63,128,0,12,24847171.235461,86,156,0,12,25015032.662696,34,144,0,1,19450416.033179,44,152,0,1,19561853.976775,35,140,0,1,21779750.246846,33,136,0,1,22399212.366460,60,128,0,12,26345452.758962,52,116,0,1,22358777.321997,42,88,0,1,23641014.182932,21,104,0,1,25821793.382265,93,128,2,1,39384549.544520,
21,1552384018,0.000000,8,120,2,1,23908953.893857,7,108,2,1,24331506.204865,28,188,0,1,20963573.618075,30,168,0,1,21685181.845082,43,172,0,1,19662454.907625,13,160,0,1,20299819.520134,15,168,0,1,21516790.760113,5,156,0,1,23995188.795301,80,176,0,12,23597324.701397,78,148,0,12,24150594.403490,63,128,0,12,24847110.517428,86,156,0,12,25015116.938522,34,144,0,1,19450432.043754,44,152,0,1,19561790.475433,35,140,0,1,21779619.666867,33,136,0,1,22399379.216717,60,128,0,12,26345344.366935,52,116,0,1,22358729.770153,42,88,0,1,23641171.008038,21,104,0,1,25821867.484614,93,132,2,1,39384549.954600,
21,1552384018,0.200000,8,120,2,1,23909012.360812,7,104,2,1,24331634.158586,28,184,0,1,20963556.141682,30,172,0,1,21685275.936656,43,172,0,1,19662522.815147,13,160,0,1,20299812.731999,15,168,0,1,21516713.010668,5,156,0,1,23995327.140627,80,176,0,12,23597303.438307,78,148,0,12,24150658.454514,63,128,0,12,24847052.006848,86,156,0,12,25015201.240524,34,144,0,1,19450447.993253,44,152,0,1,19561727.104967,35,140,0,1,21779490.107726,33,136,0,1,22399544.225976,60,128,0,12,26345235.896381,52,116,0,1,22358681.773329,42,88,0,1,23641328.217050,21,104,0,1,25821942.825929,93,132,2,1,39384550.451931,
21,1552384018,0.400000,8,120,2,1,23909074.535937,7,108,2,1,24331761.327048,28,184,0,1,20963538.874692,30,176,0,1,21685370.036955,43,172,0,1,19662590.548167,13,160,0,1,20299806.022391,15,168,0,1,21516635.348474,5,156,0,1,23995465.538304,80,176,0,12,23597282.245017,78,148,0,12,24150722.226335,63,128,0,12,24846994.996986,86,156,0,12,25015285.725753,34,144,0,1,19450463.951477,44,152,0,1,19561663.647251,35,140,0,1,21779359.492846,33,132,0,1,22399706.635153,60,132,0,12,26345127.591605,52,116,0,1,22358636.612166,42,92,0,1,23641485.050882,21,100,0,1,25822017.669913,93,132,2,1,39384551.010338,
21,1552384018,0.600000,8,116,2,1,23909132.051855,7,108,2,1,24331887.841127,28,184,0,1,20963521.485550,30,176,0,1,21685464.180880,43,172,0,1,19662658.298638,13,164,0,1,20299799.269157,15,168,0,1,21516557.668829,5,156,0,1,23995603.840005,80,176,0,12,23597261.182604,78,148,0,12,24150786.094132,63,128,0,12,24846937.969675,86,156,0,12,25015370.464011,34,144,0,1,19450479.953327,44,152,0,1,19561599.988856,35,144,0,1,21779229.802827,33,132,0,1,22399869.594011,60,132,0,12,26345019.260653,52,116,0,1,22358591.991959,42,92,0,1,23641641.675311,21,100,0,1,25822092.836726,93,132,2,1,39384551.437868,
21,1552384018,0.800000,8,116,2,1,23909188.529485,7,108,2,1,24332014.896162,28,184,0,1,20963504.209834,30,176,0,1,21685558.403330,43,172,0,1,19662726.118909,13,164,0,1,20299792.672974,15,168,0,1,21516480.076436,5,156,0,1,23995742.228956,80,176,0,12,23597240.172542,78,148,0,12,24150849.918303,63,128,0,12,24846880.558459,86,152,0,12,25015454.966690,34,144,0,1,19450495.859200,44,148,0,1,19561536.496239,35,144,0,1,21779100.583965,33,132,0,1,22400034.053588,60,136,0,12,26344910.729024,52,116,0,1,22358548.410040,42,92,0,1,23641798.927948,21,100,0,1,25822166.773299,93,128,2,1,39384551.813048,
21,1552384019,0.000000,8,116,2,1,23909246.595084,7,108,2,1,24332141.872671,28,184,0,1,20963486.986469,30,172,0,1,21685652.460004,43,172,0,1,19662793.965356,13,164,0,1,20299786.198943,15,172,0,1,21516402.449142,5,156,0,1,23995880.574283,80,176,0,12,23597218.630248,78,148,0,12,24150913.725024,63,128,0,12,24846823.391545,86,152,0,12,25015539.181441,34,148,0,1,19450511.861050,44,148,0,1,19561472.881470,35,144,0,1,21778970.108687,33,132,0,1,22400197.623204,60,136,0,12,26344802.206120,52,116,0,1,22358505.002624,42,92,0,1,23641955.883932,21,100,0,1,25822241.277003,93,128,0,1,39384552.362730,
21,1552384019,0.200000,8,116,2,1,23909306.318455,7,108,2,1,24332269.014958,28,184,0,1,20963469.815455,30,172,0,1,21685746.569028,43,176,0,1,19662861.724551,13,164,0,1,20299779.506785,15,172,0,1,21516324.813124,5,156,0,1,23996018.858533,80,176,0,12,23597197.419509,78,148,0,12,24150977.540471,63,132,0,12,24846765.866902,86,152,0,12,25015623.640495,34,148,0,1,19450527.819274,44,148,0,1,19561409.458654,35,144,0,1,21778840.340143,33,132,0,1,22400364.019756,60,148,0,12,26344693.936244,52,116,0,1,22358459.213252,42,96,0,1,23642112.438560,21,100,0,1,25822315.457879,93,128,0,1,39384552.947312,
21,1552384019,0.400000,8,112,2,1,23909362.900786,7,108,2,1,24332395.982742,28,184,0,1,20963452.531015,30,172,0,1,21685840.669327,43,176,0,1,19662929.605898,13,164,0,1,20299772.762276,15,172,0,1,21516247.212005,5,156,0,1,23996157.238760,80,176,0,12,23597176.269845,78,148,0,12,24151041.408268,63,132,0,12,24846709.162420,86,152,0,12,25015707.890146,34,148,0,1,19450543.821124,44,148,0,1,19561346.009662,35,144,0,1,21778710.501798,33,132,0,1,22400528.130328,60,156,0,12,26344585.692543,52,116,0,1,22358410.300292,42,96,0,1,23642269.481795,21,100,0,1,25822391.514653,93,124,0,1,39384553.374843,
21,1552384019,0.600000,8,112,2,1,23909421.036186,7,112,2,1,24332522.592797,28,184,0,1,20963435.325100,30,176,0,1,21685934.769627,43,176,0,1,19662997.321468,13,164,0,1,20299766.070117,15,172,0,1,21516169.767939,5,152,0,1,23996295.496835,80,176,0,12,23597155.059105,78,148,0,12,24151105.337140,63,132,0,12,24846652.658615,86,152,0,12,25015792.061271,34,156,0,1,19450559.726997,44,148,0,1,19561282.586846,35,144,0,1,21778579.694966,33,128,0,1,22400692.563730,60,156,0,12,26344477.283065,52,116,0,1,22358365.933113,42,96,0,1,23642426.568655,21,100,0,1,25822466.882143,93,128,0,1,39384553.837273,
20,1552384019,0.800000,8,112,2,1,23909479.127961,7,112,2,1,24332647.597432,28,184,0,1,20963418.241337,30,176,0,1,21686028.843750,43,176,0,1,19663065.141739,13,168,0,1,20299759.351783,15,172,0,1,21516092.280247,5,144,0,1,23996433.833436,80,176,0,12,23597133.682588,78,148,0,12,24151169.274738,63,132,0,12,24846591.041896,86,152,0,12,25015876.555226,34,156,0,1,19450575.755022,44,148,0,1,19561219.155304,35,144,0,1,21778448.041798,33,128,0,1,22400853.559439,60,164,0,12,26344369.161516,52,120,0,1,22358320.710874,42,96,0,1,23642583.734041,93,128,0,1,39384554.404405,
20,1552384020,0.000000,8,112,2,1,23909541.861494,7,116,2,1,24332770.211387,28,180,0,1,20963400.930721,30,176,0,1,21686122.882974,43,176,0,1,19663132.970736,13,168,0,1,20299752.886478,15,172,0,1,21516014.609328,5,136,0,1,23996572.117686,80,176,0,12,23597112.375873,78,148,0,12,24151232.854606,63,132,0,12,24846529.460078,86,152,0,12,25015960.700175,34,156,0,1,19450591.809223,44,148,0,1,19561155.758663,35,132,0,1,21778317.941700,33,128,0,1,22401016.919652,60,160,0,12,26344260.943991,52,120,0,1,22358270.305920,42,96,0,1,23642740.506797,93,140,0,1,39384555.032613,
20,1552384020,0.200000,8,132,0,1,23909602.972156,7,112,2,1,24332899.665827,28,184,0,1,20963383.716081,30,180,0,1,21686217.201401,43,180,0,1,19663200.791007,13,164,0,1,20299746.185594,15,172,0,1,21515936.982035,5,136,0,1,23996710.550264,80,176,0,12,23597091.060432,78,148,0,12,24151296.574077,63,116,0,12,24846471.167625,86,160,0,12,25016044.862576,34,160,0,1,19450607.854698,44,148,0,1,19561092.405648,35,128,0,1,21778187.850326,33,128,0,1,22401178.674446,60,156,0,12,26344152.874792,52,116,0,1,22358224.385672,42,96,0,1,23642897.349354,93,140,0,1,39384555.486319,
20,1552384020,0.400000,8,128,0,1,23909661.561262,7,112,2,1,24333029.102817,28,180,0,1,20963366.440365,30,184,0,1,21686311.301700,43,180,0,1,19663268.532752,13,164,0,1,20299739.432360,15,172,0,1,21515859.206414,5,136,0,1,23996848.738538,80,176,0,12,23597069.535588,78,152,0,12,24151360.424423,63,116,0,12,24846411.767084,86,164,0,12,25016129.670634,34,156,0,1,19450623.830372,44,148,0,1,19561028.904305,35,112,0,1,21778057.601901,33,132,0,1,22401341.685655,60,156,0,12,26344044.491490,52,116,0,1,22358177.898292,42,96,0,1,23643054.985896,93,140,0,1,39384556.001100,
20,1552384020,0.600000,8,128,0,1,23909717.698613,7,112,2,1,24333158.548532,28,180,0,1,20963349.059948,30,184,0,1,21686405.576501,43,180,0,1,19663336.501350,13,164,0,1,20299732.591875,15,172,0,1,21515781.326092,5,140,0,1,23996987.014063,80,176,0,12,23597048.272498,78,152,0,12,24151424.588874,63,116,0,12,24846356.135790,86,168,0,12,25016214.461242,34,156,0,1,19450639.928198,44,148,0,1,19560965.394238,35,112,0,1,21777928.313238,33,132,0,1,22401505.691526,60,148,0,12,26343936.265240,52,116,0,1,22358128.906806,42,96,0,1,23643211.811003,93,148,0,1,39384556.385005,
20,1552384020,0.800000,8,128,0,1,23909774.132617,7,108,0,1,24333285.725719,28,180,0,1,20963331.819133,30,188,0,1,21686499.851303,43,176,0,1,19663404.208195,13,164,0,1,20299725.925891,15,172,0,1,21515703.663898,5,140,0,1,23997125.420465,80,176,0,12,23597027.175184,78,152,0,12,24151488.587547,63,112,0,12,24846293.969389,86,168,0,12,25016298.981371,34,156,0,1,19450656.017299,44,148,0,1,19560901.936521,35,112,0,1,21777798.090988,33,128,0,1,22401668.824887,60,148,0,12,26343827.855762,52,116,0,1,22358083.736917,42,96,0,1,23643368.662285,93,148,0,1,39384556.882336,
20,1552384021,0.000000,8,128,0,1,23909832.302918,7,108,0,1,24333411.820992,28,180,0,1,20963314.770271,30,188,0,1,21686593.942877,43,176,0,1,19663472.063367,13,164,0,1,20299719.268633,15,168,0,1,21515625.853377,5,140,0,1,23997263.600015,80,176,0,12,23597005.685241,78,152,0,12,24151552.533870,63,112,0,12,24846234.734625,86,160,0,12,25016383.632378,34,156,0,1,19450672.106399,44,148,0,1,19560838.461354,35,112,0,1,21777667.755312,33,132,0,1,22401830.501154,60,156,0,12,26343719.446284,52,116,0,1,22358039.614042,42,96,0,1,23643525.679344,93,140,0,1,39384557.353492,
20,1552384021,0.200000,8,128,0,1,23909891.834335,7,108,0,1,24333537.139731,28,180,0,1,20963297.450929,30,188,0,1,21686687.816323,43,176,0,1,19663539.918538,13,164,0,1,20299712.646276,15,164,0,1,21515548.287159,5,144,0,1,23997401.910440,80,180,0,12,23596984.142947,78,148,0,12,24151616.672146,63,112,0,12,24846182.130944,86,160,0,12,25016468.082706,34,160,0,1,19450688.274026,44,152,0,1,19560774.864035,35,112,0,1,21777537.620313,33,128,0,1,22401992.604952,60,148,0,12,26343611.097882,52,116,3,1,22357992.201800,42,96,0,1,23643682.513176,93,140,0,1,39384557.946800,
20,1552384021,0.400000,8,128,0,1,23909954.655119,7,108,0,1,24333658.392569,28,180,0,1,20963280.227565,30,188,0,1,21686781.960248,43,176,0,1,19663607.730085,13,164,0,1,20299705.980292,15,156,0,1,21515470.773292,5,144,0,1,23997540.072539,80,180,0,12,23596963.080535,78,148,0,12,24151680.566118,63,108,0,12,24846129.274234,86,160,0,12,25016552.629011,34,160,0,1,19450704.432928,44,148,0,1,19560711.362693,35,108,0,1,21777407.197385,33,132,0,1,22402155.284607,60,156,0,12,26343502.653504,52,120,2,1,22357947.162788,42,96,0,1,23643839.163781,93,136,0,1,39384558.330704,
20,1552384021,0.600000,8,124,0,1,23910014.404665,7,108,0,1,24333776.722496,28,176,0,1,20963262.934399,30,188,0,1,21686875.842419,43,176,0,1,19663675.480555,13,164,0,1,20299699.323034,15,152,0,1,21515393.268150,5,152,0,1,23997678.156112,80,180,0,12,23596942.053022,78,148,0,12,24151744.564791,63,108,0,12,24846077.743741,86,152,0,12,25016636.826312,34,160,0,1,19450720.583104,44,148,0,1,19560648.079479,35,108,0,1,21777277.385216,33,132,0,1,22402317.187727,60,152,0,12,26343394.235301,52,120,2,1,22357899.602220,42,96,0,1,23643996.337892,93,136,0,1,39384558.871661,
20,1552384021,0.800000,8,124,0,1,23910075.297200,7,108,0,1,24333899.240474,28,176,0,1,20963245.475456,30,188,0,1,21686969.680965,43,176,0,1,19663743.178675,13,164,0,1,20299692.770478,15,152,0,1,21515315.667032,5,152,0,1,23997816.475263,80,180,0,12,23596920.711406,78,152,0,12,24151808.589640,63,104,0,12,24846018.116347,86,152,0,12,25016721.154489,34,160,0,1,19450736.672205,44,152,0,1,19560584.604311,35,104,0,1,21777148.148903,33,132,0,1,22402481.280849,60,152,0,12,26343286.017776,52,120,2,1,22357855.016913,42,96,0,1,23644153.197900,93,136,0,1,39384559.342817,
20,1552384022,0.000000,8,124,0,1,23910133.537301,7,112,3,1,24334024.978018,28,176,0,1,20963228.356792,30,184,0,1,21687063.824890,43,180,0,1,19663810.929145,13,168,0,1,20299686.165570,15,152,0,1,21515238.222966,5,152,0,1,23997954.776964,80,180,0,12,23596899.483216,78,140,0,12,24151872.649390,63,104,0,12,24845961.804495,86,152,0,12,25016805.369240,34,164,0,1,19450752.909633,44,152,0,1,19560521.198945,35,104,0,1,21777018.511236,33,132,0,1,22402645.888753,60,152,0,12,26343177.800251,52,120,2,1,22357808.861087,42,96,0,1,23644310.424361,93,136,0,1,39384559.831423,
20,1552384022,0.200000,8,124,0,1,23910199.176295,7,116,2,1,24334152.722337,28,184,0,1,20963211.107252,30,184,0,1,21687157.768137,43,176,0,1,19663878.740691,13,176,0,1,20299679.586838,15,152,0,1,21515160.569497,5,152,0,1,23998093.017589,80,180,0,12,23596878.324827,78,140,0,12,24151936.534637,63,104,0,12,24845901.182438,86,152,0,12,25016889.767218,34,164,0,1,19450769.042359,44,156,0,1,19560457.811029,35,100,0,1,21776888.777592,33,132,0,1,22402811.046339,60,152,0,12,26343069.486749,52,120,3,1,22357765.331519,42,92,0,1,23644466.987715,93,136,0,1,39384560.442181,
20,1552384022,0.400000,8,120,0,1,23910256.081455,7,116,2,1,24334285.553395,28,180,0,1,20963194.110740,30,180,0,1,21687251.746285,43,176,0,1,19663946.491162,13,176,0,1,20299673.173883,15,160,0,1,21515083.160331,5,152,0,1,23998231.389090,80,180,0,12,23596857.131538,78,144,0,12,24152000.699087,63,108,0,12,24845843.832298,86,152,0,12,25016974.252447,34,168,0,1,19450785.192536,44,152,0,1,19560394.431839,35,100,0,1,21776759.131199,33,132,0,1,22402975.375039,60,144,0,12,26342961.059821,52,124,2,1,22357721.845577,42,92,0,1,23644623.472542,93,124,0,1,39384560.922062,
20,1552384022,0.600000,8,100,0,1,23910315.525622,7,116,2,1,24334417.128036,28,180,0,1,20963176.913550,30,176,0,1,21687345.750607,43,172,0,1,19664014.206731,13,176,0,1,20299666.708577,15,160,0,1,21515005.698814,5,152,0,1,23998369.655891,80,180,0,12,23596835.755021,78,152,0,12,24152064.470908,63,108,0,12,24845781.255817,86,156,0,12,25017058.947079,34,164,0,1,19450801.386338,44,152,0,1,19560331.122449,35,100,0,1,21776629.388830,33,136,0,1,22403139.956768,60,136,0,12,26342852.571818,52,124,2,1,22357675.681026,42,88,0,1,23644780.315100,93,124,0,1,39384561.602620,
20,1552384022,0.800000,8,100,0,1,23910376.854412,7,116,2,1,24334546.582477,28,180,0,1,20963159.986839,30,168,0,1,21687439.763656,43,172,0,1,19664081.782700,13,180,0,1,20299660.121120,15,164,0,1,21514928.263473,5,152,0,1,23998507.879065,80,180,0,12,23596814.509381,78,152,0,12,24152128.033326,63,108,0,12,24845718.792762,86,160,0,12,25017143.196730,34,164,0,1,19450817.545239,44,152,0,1,19560267.795608,35,100,0,1,21776499.463234,33,136,0,1,22403303.997540,60,136,0,12,26342744.136165,52,124,2,1,22357630.188308,42,88,0,1,23644937.279808,93,120,0,1,39384562.161027,
20,1552384023,0.000000,8,100,0,1,23910438.488581,7,116,2,1,24334675.583211,28,184,0,1,20963142.868176,30,176,0,1,21687533.706903,43,172,0,1,19664149.576796,13,180,0,1,20299653.524938,15,164,0,1,21514850.775781,5,152,0,1,23998646.329093,80,180,0,12,23596792.993262,78,148,0,12,24152191.744071,63,112,0,12,24845658.694212,86,160,0,12,25017227.524908,34,164,0,1,19450833.765217,44,152,0,1,19560204.320441,35,100,0,1,21776370.331623,33,136,0,1,22403468.108113,60,136,0,12,26342635.560910,52,128,2,1,22357582.008257,42,84,0,1,23645094.663322,93,136,0,1,39384562.597283,
21,1552384023,0.200000,8,100,0,1,23910496.091750,7,116,2,1,24334802.420119,28,184,0,1,20963125.871664,30,172,0,1,21687627.676325,43,172,0,1,19664217.423242,13,180,0,1,20299647.155608,15,164,0,1,21514773.366615,5,156,0,1,23998784.840196,20,112,0,1,24129999.108782,80,176,0,12,23596771.817423,78,148,0,12,24152255.786370,63,112,0,12,24845602.809890,86,160,0,12,25017312.079938,34,168,0,1,19450850.054995,44,152,0,1,19560140.862725,35,100,0,1,21776240.118098,33,136,0,1,22403632.288486,60,136,0,12,26342526.994380,52,128,2,1,22357537.763230,42,84,0,1,23645251.662931,93,132,0,1,39384563.173140,
21,1552384023,0.400000,8,100,0,1,23910549.864596,7,116,2,1,24334933.043724,28,184,0,1,20963108.796626,30,160,0,1,21687721.549772,43,172,0,1,19664285.383115,13,180,0,1,20299640.646677,15,164,0,1,21514695.809122,5,156,0,1,23998923.176797,20,116,0,1,24129908.751554,80,180,0,12,23596750.580508,78,148,0,12,24152319.654167,63,108,0,12,24845547.798079,86,168,0,12,25017396.652418,34,172,0,1,19450866.178996,44,160,0,1,19560077.596960,35,100,0,1,21776110.846885,33,136,0,1,22403795.954078,60,136,0,12,26342418.419125,52,128,2,1,22357489.940908,42,84,0,1,23645408.906843,93,132,0,1,39384563.871149,
21,1552384023,0.600000,8,104,0,1,23910611.760519,7,116,2,1,24335065.019721,28,184,0,1,20963091.782663,30,136,0,1,21687815.571545,43,172,0,1,19664353.159761,13,180,0,1,20299634.155196,15,164,0,1,21514618.461032,5,156,0,1,23999061.618100,20,116,0,1,24129817.085561,80,176,0,12,23596729.474470,78,152,0,12,24152383.565590,63,108,0,12,24845484.994745,86,172,0,12,25017481.146372,34,172,0,1,19450882.355348,44,160,0,1,19560014.400997,35,100,0,1,21775981.837425,33,136,0,1,22403959.872699,60,136,0,12,26342309.939847,52,124,2,1,22357441.708506,42,84,0,1,23645565.653424,93,132,0,1,39384564.455731,
21,1552384023,0.800000,8,104,0,1,23910672.321499,7,112,2,1,24335199.787752,28,180,0,1,20963074.655274,30,156,0,1,21687909.471166,43,172,0,1,19664421.049833,13,184,0,1,20299627.541564,15,160,0,1,21514540.990791,5,152,0,1,23999200.015777,20,116,0,1,24129728.735108,80,176,0,12,23596707.879825,78,152,0,12,24152447.459562,63,108,0,12,24845426.126435,86,172,0,12,25017565.841004,34,176,0,1,19450898.610226,44,160,0,1,19559950.917104,35,100,0,1,21775852.121232,33,136,0,1,22404123.843670,60,136,0,12,26342201.294791,52,124,2,1,22357395.631206,42,84,0,1,23645722.190602,93,128,0,1,39384565.171190,
21,1552384024,0.000000,8,104,0,1,23910732.280447,7,112,2,1,24335335.157816,28,180,0,1,20963057.353384,30,156,0,1,21688003.562740,43,172,0,1,19664488.791578,13,184,0,1,20299620.910481,15,160,0,1,21514463.293696,5,152,0,1,23999338.439629,20,116,0,1,24129630.900462,80,176,0,12,23596686.747612,78,148,0,12,24152511.213933,63,108,0,12,24845368.706494,86,172,0,12,25017650.334958,34,176,0,1,19450915.004705,44,160,0,1,19559887.633890,35,100,0,1,21775721.488902,33,136,0,1,22404287.692489,60,136,0,12,26342092.876588,52,124,2,1,22357352.014387,42,84,0,1,23645878.684155,93,128,0,1,39384565.764497,
21,1552384024,0.200000,8,104,0,1,23910791.646088,7,112,2,1,24335469.192939,28,180,0,1,20963040.269620,30,156,0,1,21688097.523438,43,172,0,1,19664556.568224,13,184,0,1,20299614.209597,15,160,0,1,21514385.806004,5,152,0,1,23999476.915832,20,116,0,1,24129546.467584,80,176,0,12,23596665.458346,78,148,0,12,24152575.064279,63,108,0,12,24845315.561856,86,172,0,12,25017734.907439,34,176,0,1,19450931.303209,44,164,0,1,19559824.446651,35,104,0,1,21775591.755258,33,140,0,1,22404451.768161,60,140,0,12,26341984.571812,52,124,2,1,22357308.397568,42,80,0,1,23646035.526712,93,128,0,1,39384566.392705,
21,1552384024,0.400000,8,108,0,1,23910852.433922,7,108,2,1,24335601.168936,28,180,0,1,20963023.273108,30,156,0,1,21688191.457960,43,172,0,1,19664624.283794,13,180,0,1,20299607.735567,15,160,0,1,21514308.152535,5,152,0,1,23999615.426935,20,116,0,1,24129450.124932,80,176,0,12,23596644.230156,78,148,0,12,24152638.818650,63,108,0,12,24845257.051276,86,172,0,12,25017819.148365,34,176,0,1,19450947.619162,44,164,0,1,19559761.093636,35,104,0,1,21775461.864562,33,140,0,1,22404615.503555,60,148,0,12,26341876.144884,52,124,2,1,22357260.287317,42,76,0,1,23646192.822974,93,128,0,1,39384566.942387,
21,1552384024,0.600000,8,108,0,1,23910916.641998,7,108,2,1,24335730.989830,28,180,0,1,20963006.110819,30,160,0,1,21688285.453558,43,172,0,1,19664692.121515,13,180,0,1,20299601.078309,15,160,0,1,21514230.656118,5,152,0,1,23999753.859513,20,116,0,1,24129355.544752,80,176,0,12,23596622.844914,78,148,0,12,24152702.651546,63,108,0,12,24845196.237267,86,172,0,12,25017903.764471,34,176,0,1,19450963.821689,44,164,0,1,19559697.775521,35,108,0,1,21775332.244345,33,140,0,1,22404779.238948,60,156,0,12,26341768.084411,52,124,2,1,22357213.442208,42,76,0,1,23646349.403778,93,128,0,1,39384567.518244,
21,1552384024,0.800000,8,112,0,1,23910976.705647,7,108,2,1,24335861.534909,28,180,0,1,20962988.878729,30,160,0,1,21688379.466606,43,172,0,1,19664759.959237,13,180,0,1,20299594.604278,15,160,0,1,21514153.159701,5,152,0,1,23999892.204839,20,116,3,1,24129250.319939,80,176,0,12,23596601.669075,78,148,0,12,24152766.597869,63,108,0,12,24845136.051466,86,172,0,12,25017988.232250,34,176,0,1,19450980.268520,44,164,0,1,19559634.544657,35,112,3,1,21775203.069108,33,140,0,1,22404942.939440,60,156,0,12,26341659.640032,52,124,2,1,22357165.550085,42,72,0,1,23646506.167809,93,128,0,1,39384567.989400,
21,1552384025,0.000000,8,112,0,1,23911037.659258,7,104,0,1,24335988.677196,28,180,0,1,20962971.637914,30,160,0,1,21688473.427303,43,168,0,1,19664827.700982,13,180,0,1,20299588.034271,15,160,0,1,21514075.645834,5,148,0,1,24000030.497814,20,116,2,1,24129159.683508,80,176,0,12,23596580.528136,78,148,0,12,24152830.430766,63,112,0,12,24845076.999929,86,168,0,12,25018072.822180,34,176,0,1,19450996.409971,44,164,0,1,19559571.113115,35,116,2,1,21775073.030085,33,140,0,1,22405106.683558,60,156,0,12,26341551.300356,52,124,2,1,22357119.036530,42,72,0,1,23646662.940565,93,128,0,1,39384568.425655,
21,1552384025,0.200000,8,112,0,1,23911098.272589,7,104,2,1,24336120.295463,28,180,0,1,20962954.405824,30,160,0,1,21688567.475252,43,168,0,1,19664895.486353,13,176,0,1,20299581.481714,15,164,0,1,21513998.070891,5,148,0,1,24000168.869316,20,120,2,1,24129063.829462,80,180,0,12,23596559.465723,78,148,0,12,24152894.289837,63,108,0,12,24845015.322135,86,168,0,12,25018157.185258,34,172,0,1,19451012.673574,44,160,0,1,19559507.768825,35,116,2,1,21774943.069589,33,140,0,1,22405270.340425,60,148,0,12,26341442.995579,52,124,2,1,22357073.857916,42,68,0,1,23646819.687146,93,128,0,1,39384568.992787,
21,1552384025,0.400000,8,112,0,1,23911158.240262,7,104,0,1,24336250.072732,28,180,0,1,20962937.252260,30,152,0,1,21688661.531925,43,172,0,1,19664963.236823,13,172,0,1,20299574.911707,15,168,0,1,21513920.653000,5,156,0,1,24000307.223367,20,120,2,1,24128970.750000,80,180,0,12,23596538.377135,78,148,0,12,24152957.948232,63,112,0,12,24844953.923543,86,168,0,12,25018241.522160,34,164,0,1,19451028.902276,44,160,0,1,19559444.459435,35,120,2,1,21774813.824551,33,140,0,1,22405434.154344,60,140,0,12,26341334.594827,52,124,2,1,22357029.071932,42,68,0,1,23646976.590779,93,140,0,1,39384569.682071,
21,1552384025,0.600000,8,116,0,1,23911215.773630,7,104,0,1,24336374.047804,28,176,0,1,20962920.063796,30,160,0,1,21688755.789277,43,172,0,1,19665030.969843,13,172,0,1,20299568.350425,15,160,0,1,21513843.139133,5,144,0,1,24000445.603594,20,116,2,1,24128876.885279,80,180,0,12,23596517.192571,78,148,0,12,24153021.824754,63,112,0,12,24844899.574840,86,168,0,12,25018325.632210,34,164,0,1,19451045.165879,44,160,0,1,19559381.228571,35,124,2,1,21774685.713777,33,140,0,1,22405597.976989,60,152,0,12,26341226.324951,52,124,2,1,22356983.099334,42,64,0,1,23647133.860867,93,112,0,1,39384570.127052,
21,1552384025,0.800000,8,116,0,1,23911275.549351,7,104,0,1,24336498.293355,28,176,0,1,20962902.988757,30,160,0,1,21688849.837225,43,172,0,1,19665098.729039,13,172,0,1,20299561.902570,15,164,0,1,21513765.616541,5,144,0,1,24000583.966370,20,116,2,1,24128782.435975,80,180,0,12,23596495.938206,78,148,0,12,24153085.919404,63,112,0,12,24844845.540241,86,168,0,12,25018409.960387,34,160,0,1,19451061.499283,44,156,0,1,19559317.945356,35,124,2,1,21774558.501690,33,136,0,1,22405761.790908,60,152,0,12,26341117.924198,52,124,2,1,22356937.789843,42,64,0,1,23647290.930276,93,112,0,1,39384570.519682,
21,1552384026,0.000000,8,120,3,1,23911334.661964,7,104,0,1,24336626.884009,28,176,0,1,20962886.018421,30,160,0,1,21688943.972425,43,172,0,1,19665166.636561,13,172,0,1,20299555.315113,15,164,0,1,21513688.251000,5,144,0,1,24000722.381497,20,116,2,1,24128694.609030,80,180,0,12,23596474.692566,78,148,0,12,24153149.952978,63,112,0,12,24844784.089299,86,164,0,12,25018494.384540,34,164,0,1,19451077.754161,44,160,0,1,19559254.705767,35,124,2,1,21774428.881473,33,136,0,1,22405925.482675,60,152,0,12,26341009.636872,52,124,2,1,22356890.552104,42,60,0,1,23647448.549368,93,112,0,1,39384571.139164,
21,1552384026,0.200000,8,120,2,1,23911394.385334,7,108,0,1,24336752.839681,28,184,0,1,20962868.891032,30,172,0,1,21689038.125075,43,172,0,1,19665234.456832,13,172,0,1,20299548.849807,15,164,0,1,21513610.833109,5,148,0,1,24000860.857700,20,120,2,1,24128600.124826,80,176,0,12,23596453.595252,78,148,0,12,24153213.916751,63,112,0,12,24844725.901548,86,164,0,12,25018578.930845,34,172,0,1,19451093.982864,44,164,0,1,19559191.553429,35,124,2,1,21774302.349944,33,136,0,1,22406089.200618,60,152,0,12,26340901.401896,52,124,2,1,22356844.317752,42,60,0,1,23647606.246986,93,112,0,1,39384572.203628,
21,1552384026,0.400000,8,116,2,1,23911453.445596,7,108,0,1,24336876.710051,28,180,0,1,20962851.842169,30,172,0,1,21689132.399876,43,172,0,1,19665302.312004,13,168,0,1,20299542.332151,15,164,0,1,21513533.284342,5,148,0,1,24000999.360079,20,120,2,1,24128504.166078,80,176,0,12,23596432.384513,78,148,0,12,24153278.011400,63,112,0,12,24844667.617821,86,164,0,12,25018663.215397,34,168,0,1,19451110.115590,44,164,0,1,19559128.270215,35,124,2,1,21774176.324471,33,136,0,1,22406253.189039,60,152,0,12,26340793.097120,52,124,2,1,22356797.280690,42,56,0,1,23647762.679463,93,112,0,1,39384572.735859,
21,1552384026,0.600000,8,116,2,1,23911512.985739,7,108,3,1,24337001.191180,28,180,0,1,20962834.531553,30,172,0,1,21689226.569976,43,172,0,1,19665369.992674,13,168,0,1,20299535.718518,15,164,0,1,21513455.857726,5,148,0,1,24001137.862457,20,120,2,1,24128408.503985,80,176,0,12,23596411.278474,78,148,0,12,24153341.966448,63,112,0,12,24844608.121304,86,164,0,12,25018747.648275,34,164,0,1,19451126.431543,44,156,0,1,19559065.021900,35,124,2,1,21774048.807005,33,136,0,1,22406416.741205,60,152,0,12,26340684.757443,52,124,0,1,22356751.247016,42,48,0,1,23647919.687797,93,116,0,1,39384573.189565,
21,1552384026,0.800000,8,120,2,1,23911573.084289,7,108,2,1,24337124.729996,28,176,0,1,20962817.220937,30,172,0,1,21689320.862227,43,172,0,1,19665437.865296,13,172,0,1,20299529.227037,15,160,0,1,21513378.361309,5,148,0,1,24001276.312484,20,120,2,1,24128313.251971,80,176,0,12,23596389.945583,78,148,0,12,24153405.921496,63,116,0,12,24844549.584548,86,164,0,12,25018831.793225,34,160,0,1,19451142.747497,44,148,0,1,19559001.817212,35,120,2,1,21773921.315714,33,136,0,1,22406580.555124,60,160,0,12,26340576.356690,52,124,0,1,22356705.553621,42,48,0,1,23648076.137724,93,116,0,1,39384573.617095,
21,1552384027,0.000000,8,120,2,1,23911635.111088,7,108,2,1,24337252.613917,28,180,0,1,20962799.936497,30,168,0,1,21689414.945076,43,172,0,1,19665505.668117,13,176,0,1,20299522.796632,15,160,0,1,21513300.847441,5,148,0,1,24001414.588010,20,120,2,1,24128216.630115,80,176,0,12,23596368.874445,78,148,0,12,24153469.736943,63,116,0,12,24844489.965879,86,164,0,12,25018916.295905,34,164,0,1,19451159.124526,44,156,0,1,19558938.420571,35,100,2,1,21773791.808924,33,136,0,1,22406744.124740,60,152,0,12,26340468.078089,52,124,0,1,22356661.230067,42,44,0,1,23648232.945381,93,116,0,1,39384574.018450,
21,1552384027,0.200000,8,120,2,1,23911696.928484,7,108,2,1,24337381.605926,28,180,0,1,20962782.704407,30,160,0,1,21689508.940674,43,172,0,1,19665573.697790,13,180,0,1,20299516.270250,15,160,0,1,21513223.351024,5,148,0,1,24001552.950786,20,120,2,1,24128125.190975,80,176,0,12,23596347.532829,78,148,0,12,24153534.093346,63,116,0,12,24844430.879442,86,168,0,12,25019000.737508,34,176,0,1,19451175.457930,44,164,0,1,19558875.172257,35,100,2,1,21773662.188706,33,136,0,1,22406907.877583,60,152,0,12,26340359.764588,52,124,3,1,22356614.219181,42,48,0,1,23648389.910089,93,120,3,1,39384574.419805,
21,1552384027,0.400000,8,120,2,1,23911760.490902,7,104,2,1,24337513.503397,28,172,0,1,20962765.472317,30,156,0,1,21689602.988623,43,168,0,1,19665641.622763,13,180,0,1,20299509.569367,15,164,0,1,21513145.802257,5,140,0,1,24001691.435714,20,120,2,1,24128032.783347,80,176,0,12,23596326.295914,78,148,0,12,24153598.161820,63,116,0,12,24844372.726591,86,168,0,12,25019085.318714,34,176,0,1,19451191.747708,44,164,0,1,19558811.810516,35,100,2,1,21773528.965019,33,140,0,1,22407071.665327,60,164,0,12,26340251.390011,52,124,2,1,22356570.454035,42,52,0,1,23648546.569419,93,124,2,1,39384574.873511,
21,1552384027,0.600000,8,120,2,1,23911823.311686,7,100,0,1,24337642.826961,28,172,0,1,20962748.161701,30,156,0,1,21689696.800993,43,164,0,1,19665709.521560,13,184,0,1,20299503.025535,15,156,0,1,21513068.340740,5,140,0,1,24001829.842116,20,116,2,1,24127935.454757,80,172,0,12,23596305.085174,78,148,0,12,24153662.099418,63,112,0,12,24844314.870394,86,168,0,12,25019169.446213,34,168,0,1,19451208.037487,44,164,0,1,19558748.771604,35,104,2,1,21773395.017147,33,148,0,1,22407235.566497,60,160,0,12,26340143.172485,52,124,2,1,22356523.181395,42,56,0,1,23648704.014009,93,120,2,1,39384575.423193,
21,1552384027,0.800000,8,120,2,1,23911886.019043,7,100,0,1,24337770.082674,28,172,0,1,20962730.955786,30,144,0,1,21689790.752966,43,164,0,1,19665777.315656,13,184,0,1,20299496.595130,15,156,0,1,21512990.914124,5,148,0,1,24001968.204893,20,116,2,1,24127841.476609,80,172,0,12,23596283.900610,78,148,0,12,24153725.897414,63,112,0,12,24844257.668581,86,168,0,12,25019253.826741,34,164,0,1,19451224.335990,44,156,0,1,19558685.689067,35,104,2,1,21773262.622345,33,144,0,1,22407399.389141,60,152,0,12,26340035.094562,52,120,2,1,22356475.996006,42,60,0,1,23648861.240470,93,124,2,1,39384575.815823,
21,1552384028,0.000000,8,120,2,1,23911948.002217,7,96,0,1,24337894.651053,28,172,0,1,20962713.784772,30,148,0,1,21689884.661312,43,160,0,1,19665845.144653,13,184,0,1,20299490.304326,15,156,0,1,21512913.374082,5,148,0,1,24002106.489143,20,116,2,1,24127750.936155,80,168,0,12,23596262.899273,78,148,0,12,24153789.756486,63,112,0,12,24844200.126488,86,164,0,12,25019338.259620,34,164,0,1,19451240.564693,44,160,0,1,19558622.423303,35,104,2,1,21773131.318182,33,144,0,1,22407563.150710,60,144,0,12,26339926.781060,52,120,2,1,22356428.383087,42,64,0,1,23649017.899800,93,124,2,1,39384576.217178,
21,1552384028,0.200000,8,120,2,1,23912007.900089,7,96,0,1,24338018.538874,28,172,0,1,20962696.439255,30,156,0,1,21689978.709261,43,160,0,1,19665912.956199,13,180,0,1,20299483.873921,15,156,0,1,21512835.895115,5,148,0,1,24002244.878095,20,112,2,1,24127662.812555,80,168,0,12,23596241.932836,78,148,0,12,24153853.441055,63,112,0,12,24844143.744834,86,164,0,12,25019422.561622,34,164,0,1,19451256.819570,44,160,0,1,19558559.174989,35,104,2,1,21773002.701352,33,144,0,1,22407726.929728,60,144,0,12,26339818.327957,52,124,2,1,22356385.141447,42,68,0,1,23649174.628931,93,124,2,1,39384576.583632,
21,1552384028,0.400000,8,120,2,1,23912070.494020,7,96,0,1,24338142.828050,28,168,0,1,20962679.294416,30,156,0,1,21690072.765935,43,160,0,1,19665980.793920,13,180,0,1,20299477.391165,15,152,0,1,21512758.424873,5,148,0,1,24002383.319397,20,112,2,1,24127570.649230,80,168,0,12,23596220.826798,78,148,0,12,24153917.378653,63,112,0,12,24844086.194016,86,164,0,12,25019506.959600,34,164,0,1,19451273.152974,44,160,0,1,19558496.022651,35,104,2,1,21772870.577029,33,144,0,1,22407890.682571,60,144,0,12,26339710.171507,52,124,2,1,22356337.964784,42,72,0,1,23649332.047345,93,128,2,1,39384576.967537,
21,1552384028,0.600000,8,116,2,1,23912131.936237,7,96,0,1,24338267.518581,28,168,0,1,20962662.001250,30,156,0,1,21690166.892409,43,160,0,1,19666048.675267,13,180,0,1,20299470.777533,15,152,0,1,21512680.989532,5,148,0,1,24002521.673449,20,108,2,1,24127477.831522,80,168,0,12,23596199.790560,78,148,0,12,24153981.229000,63,108,0,12,24844029.114354,86,164,0,12,25019591.401203,34,164,0,1,19451289.451478,44,160,0,1,19558432.774336,35,104,2,1,21772738.845335,33,144,0,1,22408054.522666,60,144,0,12,26339601.744580,52,124,2,1,22356291.451228,42,72,0,1,23649488.654324,93,128,2,1,39384577.395067,
21,1552384028,0.800000,8,116,2,1,23912196.144313,7,96,0,1,24338391.772856,28,168,0,1,20962644.620834,30,156,0,1,21690261.071234,43,160,0,1,19666116.478088,13,180,0,1,20299464.181350,15,152,0,1,21512603.528015,5,148,0,1,24002660.132201,20,108,2,1,24127383.827199,80,168,0,12,23596178.640897,78,148,0,12,24154045.210223,63,108,0,12,24843973.308558,86,164,0,12,25019675.485078,34,164,0,1,19451305.749981,44,160,0,1,19558369.796501,35,104,2,1,21772604.120929,33,144,0,1,22408218.371485,60,144,0,12,26339493.326377,52,124,2,1,22356245.688032,42,76,0,1,23649645.557957,93,124,2,1,39384577.857498,
21,1552384029,0.000000,8,116,2,1,23912255.431428,7,96,0,1,24338516.210359,28,168,0,1,20962627.441094,30,156,0,1,21690355.084282,43,160,0,1,19666184.333260,13,180,0,1,20299457.637519,15,152,0,1,21512525.909447,5,148,0,1,24002798.433902,20,108,2,1,24127292.693437,80,168,0,12,23596157.526133,78,148,0,12,24154109.304873,63,108,0,12,24843916.176545,86,164,0,12,25019759.987757,34,164,0,1,19451322.048484,44,160,0,1,19558306.740139,35,104,2,1,21772472.197283,33,140,0,1,22408382.080703,60,144,0,12,26339385.073951,52,124,2,1,22356200.579220,42,80,0,1,23649802.862945,93,124,2,1,39384578.328654,
21,1552384029,0.200000,8,116,2,1,23912316.358863,7,96,0,1,24338641.424396,28,168,0,1,20962610.235180,30,156,0,1,21690449.053705,43,160,0,1,19666252.240782,13,180,0,1,20299451.050062,15,156,0,1,21512448.517731,5,148,0,1,24002936.735603,20,104,2,1,24127199.744852,80,168,0,12,23596136.673123,78,148,0,12,24154173.207570,63,108,0,12,24843859.960668,86,164,0,12,25019844.464261,34,164,0,1,19451338.425514,44,160,0,1,19558243.613976,35,104,2,1,21772341.041446,33,140,0,1,22408545.929522,60,144,0,12,26339276.542322,52,124,2,1,22356155.374430,42,84,0,1,23649959.836378,93,124,2,1,39384578.651483,
21,1552384029,0.400000,8,116,2,1,23912377.050720,7,96,0,1,24338767.179390,28,168,0,1,20962592.994364,30,156,0,1,21690543.223805,43,160,0,1,19666319.895276,13,180,0,1,20299444.497505,15,156,0,1,21512371.091115,5,148,0,1,24003075.089654,20,104,2,1,24127106.098259,80,168,0,12,23596115.575810,78,148,0,12,24154237.101543,63,108,0,12,24843802.453476,86,164,0,12,25019928.556860,34,164,0,1,19451354.828718,44,160,0,1,19558180.531439,35,104,2,1,21772210.025211,33,128,0,1,22408709.682366,60,152,0,12,26339168.089218,52,124,2,1,22356112.647572,42,84,0,1,23650116.731286,93,128,2,1,39384579.044113,
21,1552384029,0.600000,8,112,2,1,23912435.081419,7,92,0,1,24338893.309564,28,168,0,1,20962575.823350,30,148,0,1,21690637.254303,43,160,0,1,19666387.890050,13,172,0,1,20299438.102000,15,156,0,1,21512293.620874,5,136,0,1,24003213.434980,20,104,0,1,24127011.212700,80,168,0,12,23596094.652999,78,148,0,12,24154301.222368,63,112,0,12,24843743.410664,86,164,0,12,25020013.015914,34,164,0,1,19451371.118497,44,164,0,1,19558117.344201,35,104,2,1,21772077.796186,33,128,0,1,22408873.574811,60,160,0,12,26339059.906594,52,124,2,1,22356063.621186,42,84,0,1,23650273.957748,93,128,2,1,39384579.393117,
21,1552384029,0.800000,8,112,2,1,23912492.152357,7,88,0,1,24339017.494039,28,172,0,1,20962558.818113,30,140,0,1,21690731.328427,43,164,0,1,19666455.858648,13,172,0,1,20299431.549443,15,156,0,1,21512216.072106,5,136,0,1,24003351.762856,20,100,0,1,24126916.222439,80,168,0,12,23596073.494610,78,148,0,12,24154365.229766,63,112,0,12,24843681.881196,86,164,0,12,25020097.344092,34,164,0,1,19451387.530426,44,164,0,1,19558054.139512,35,100,2,1,21771949.982067,33,128,0,1,22409037.641758,60,160,0,12,26338951.785044,52,128,2,1,22356023.232657,42,84,0,1,23650431.088234,93,112,0,1,39384579.715946,
21,1552384030,0.000000,8,112,2,1,23912548.516560,7,88,0,1,24339143.615487,28,172,0,1,20962541.751800,30,148,0,1,21690825.245499,43,164,0,1,19666523.827246,13,172,0,1,20299425.171389,15,160,0,1,21512138.566964,5,132,0,1,24003489.977306,20,100,0,1,24126821.808036,80,172,0,12,23596052.301320,78,148,0,12,24154429.115014,63,112,0,12,24843621.224239,86,164,0,12,25020181.855496,34,160,0,1,19451403.924906,44,156,0,1,19557990.926098,35,100,2,1,21771819.916869,33,132,0,1,22409201.464402,60,160,0,12,26338843.916524,52,124,2,1,22355977.504361,42,84,0,1,23650588.305970,93,112,0,1,39384580.230728,
21,1552384030,0.200000,8,112,0,1,23912609.845350,7,84,0,1,24339270.600722,28,172,0,1,20962524.598236,30,160,0,1,21690919.476675,43,164,0,1,19666591.708593,13,168,0,1,20299418.758434,15,160,0,1,21512061.070547,5,144,0,1,24003628.261556,20,100,0,1,24126727.350008,80,172,0,12,23596030.924803,78,148,0,12,24154493.052611,63,112,0,12,24843563.839198,86,164,0,12,25020266.087697,34,144,0,1,19451420.441537,44,140,0,1,19557927.756310,35,100,2,1,21771688.769757,33,128,0,1,22409365.452823,60,136,0,12,26338735.707723,52,124,2,1,22355930.964630,42,84,0,1,23650745.610958,93,144,3,1,39384580.562282,
21,1552384030,0.400000,8,112,0,1,23912668.984138,7,84,0,1,24339399.409504,28,172,0,1,20962507.549373,30,180,0,1,21691013.960879,43,168,0,1,19666659.616115,13,168,0,1,20299412.371654,15,164,0,1,21511983.521779,5,136,0,1,24003766.615608,20,104,0,1,24126632.761102,80,176,0,12,23596009.609362,78,148,0,12,24154556.676105,63,112,0,12,24843511.061015,86,160,0,12,25020350.564201,34,156,0,1,19451436.774941,44,140,0,1,19557864.577797,35,100,2,1,21771558.128702,33,128,0,1,22409529.371444,60,148,0,12,26338627.516373,52,124,2,1,22355887.705541,42,84,0,1,23650902.758894,93,148,2,1,39384581.077063,
21,1552384030,0.600000,8,112,0,1,23912727.241690,7,84,0,1,24339527.188724,28,172,0,1,20962490.378359,30,160,0,1,21691108.157154,43,168,0,1,19666727.523638,13,172,0,1,20299405.888898,15,164,0,1,21511906.068988,5,132,0,1,24003904.830057,20,104,0,1,24126537.788292,80,180,0,12,23595988.459699,78,152,0,12,24154620.552627,63,132,0,12,24843443.336720,86,160,0,12,25020434.770227,34,168,0,1,19451453.282847,44,148,0,1,19557801.434184,35,104,2,1,21771428.473584,33,128,0,1,22409693.281339,60,156,0,12,26338519.307573,52,124,2,1,22355843.111509,42,84,0,1,23651059.723603,93,148,2,1,39384581.469693,
21,1552384030,0.800000,8,132,3,1,23912784.330077,7,84,0,1,24339653.327622,28,172,0,1,20962473.207345,30,168,0,1,21691202.510481,43,172,0,1,19666795.404985,13,172,0,1,20299399.353791,15,172,0,1,21511828.563846,5,136,0,1,24004043.140483,20,104,0,1,24126442.422852,80,176,0,12,23595967.475812,78,148,0,12,24154684.699628,63,128,0,12,24843378.282308,86,152,0,12,25020519.089679,34,172,0,1,19451469.747127,44,152,0,1,19557738.238220,35,124,2,1,21771297.178146,33,128,0,1,22409857.069083,60,156,0,12,26338410.898095,52,124,2,1,22355797.610066,42,84,0,1,23651216.836638,93,148,2,1,39384582.045550,
21,1552384031,0.000000,8,128,2,1,23912844.158149,7,88,0,1,24339777.800026,28,180,0,1,20962456.123582,30,172,0,1,21691296.855083,43,176,0,1,19666863.277607,13,172,0,1,20299392.844860,15,172,0,1,21511751.233206,5,136,0,1,24004181.485809,20,104,0,1,24126349.334666,80,176,0,12,23595946.081845,78,148,0,12,24154748.410373,63,112,0,12,24843316.107182,86,160,0,12,25020603.531283,34,172,0,1,19451486.141607,44,160,0,1,19557675.234209,35,124,2,1,21771169.721756,33,128,0,1,22410020.909177,60,156,0,12,26338302.488618,52,128,2,1,22355751.654918,42,84,0,1,23651374.429554,93,140,2,1,39384582.455630,
20,1552384031,0.200000,8,128,2,1,23912902.494227,7,88,0,1,24339903.136215,28,180,0,1,20962439.057269,30,180,0,1,21691391.173510,43,176,0,1,19666931.316005,13,168,0,1,20299386.449355,15,164,0,1,21511673.876390,5,152,0,1,24004319.996913,80,176,0,12,23595925.228835,78,148,0,12,24154812.426496,63,112,0,12,24843262.535014,86,152,0,12,25020688.051412,34,168,0,1,19451502.536086,44,152,0,1,19557612.177847,35,124,2,1,21771041.235803,33,132,0,1,22410184.696921,60,136,0,12,26338194.332168,52,128,2,1,22355707.549493,42,84,0,1,23651531.786893,93,136,2,1,39384582.970412,
20,1552384031,0.400000,8,128,2,1,23912960.638352,7,88,0,1,24340029.554317,28,176,0,1,20962422.069482,30,180,0,1,21691485.526838,43,176,0,1,19666999.284604,13,168,0,1,20299380.132377,15,164,0,1,21511596.336348,5,152,0,1,24004458.569092,80,176,0,12,23595903.852318,78,148,0,12,24154876.224493,63,112,0,12,24843208.186311,86,152,0,12,25020772.144011,34,160,0,1,19451519.017817,44,152,0,1,19557548.929533,35,96,0,1,21770909.460483,33,132,0,1,22410348.475939,60,156,0,12,26338086.097193,52,132,2,1,22355662.205102,42,84,0,1,23651688.699251,93,136,2,1,39384583.328141,
20,1552384031,0.600000,8,128,2,1,23913019.812041,7,92,0,1,24340155.963694,28,176,0,1,20962404.942093,30,180,0,1,21691580.011042,43,176,0,1,19667067.270652,13,172,0,1,20299373.728147,15,164,0,1,21511518.996983,5,152,0,1,24004597.001669,80,176,0,12,23595882.912057,78,148,0,12,24154940.484919,63,116,0,12,24843156.228287,86,152,0,12,25020856.480914,34,164,0,1,19451535.499548,44,152,0,1,19557485.803370,35,96,0,1,21770780.381223,33,132,0,1,22410512.560337,60,160,0,12,26337977.818592,52,132,2,1,22355617.741947,42,84,0,1,23651845.890812,93,132,2,1,39384583.694596,
19,1552384031,0.800000,8,128,2,1,23913077.005129,7,96,0,1,24340282.041517,28,176,0,1,20962387.858330,30,180,0,1,21691674.381819,43,176,0,1,19667135.317776,13,172,0,1,20299367.332642,15,164,0,1,21511441.570367,5,148,0,1,24004735.469147,80,176,0,12,23595861.788568,78,148,0,12,24155004.352716,63,116,0,12,24843094.096787,86,148,0,12,25020940.721840,34,164,0,1,19451551.990003,44,152,0,1,19557422.668483,35,96,0,1,21770646.529327,33,132,0,1,22410676.513857,60,160,0,12,26337869.976246,52,132,2,1,22355572.223054,42,80,0,1,23652002.872971,
19,1552384032,0.000000,8,128,2,1,23913136.196268,7,96,0,1,24340409.297230,28,176,0,1,20962370.826917,30,176,0,1,21691768.682796,43,176,0,1,19667203.251474,13,172,0,1,20299360.937137,15,164,0,1,21511364.265902,5,144,0,1,24004873.954075,80,176,0,12,23595840.604004,78,144,0,12,24155068.342665,63,116,0,12,24843035.725809,86,148,0,12,25021024.892965,34,164,0,1,19451568.550260,44,156,0,1,19557359.568495,35,92,0,1,21770516.350703,33,132,0,1,22410840.397577,60,164,0,12,26337761.793621,52,132,2,1,22355529.941176,42,80,0,1,23652159.776604,
19,1552384032,0.200000,8,128,2,1,23913194.733023,7,100,0,1,24340535.540831,28,176,0,1,20962353.751879,30,176,0,1,21691862.730744,43,176,0,1,19667271.228797,13,172,0,1,20299354.436931,15,164,0,1,21511286.804386,5,144,0,1,24005012.325576,80,176,0,12,23595819.323463,78,144,0,12,24155132.288988,63,116,0,12,24842974.388293,86,148,0,12,25021109.003015,34,164,0,1,19451584.918564,44,156,0,1,19557296.346356,35,88,0,1,21770386.067377,33,136,0,1,22411004.290022,60,164,0,12,26337653.357968,52,132,2,1,22355483.898777,42,80,0,1,23652316.427208,
19,1552384032,0.400000,8,128,2,1,23913256.881974,7,100,0,1,24340661.932758,28,176,0,1,20962336.607040,30,176,0,1,21691957.136422,43,176,0,1,19667339.267196,13,172,0,1,20299347.980350,15,164,0,1,21511209.386495,5,144,0,1,24005150.810504,80,176,0,12,23595798.357026,78,144,0,12,24155196.165510,63,116,0,12,24842917.160304,86,148,0,12,25021193.453343,34,164,0,1,19451601.321769,44,156,0,1,19557233.211469,35,88,0,1,21770256.141781,33,136,0,1,22411168.077766,60,164,0,12,26337544.878689,52,132,2,1,22355437.516098,42,80,0,1,23652472.702633,
19,1552384032,0.600000,8,128,2,1,23913318.193314,7,100,0,1,24340788.429386,28,176,0,1,20962319.479652,30,176,0,1,21692051.323973,43,176,0,1,19667407.253244,13,168,0,1,20299341.497595,15,160,0,1,21511132.003504,5,140,0,1,24005289.033679,80,176,0,12,23595777.041586,78,144,0,12,24155260.181633,63,112,0,12,24842860.534348,86,148,0,12,25021277.729170,34,156,0,1,19451617.655173,44,156,0,1,19557169.832278,35,84,0,1,21770126.957819,33,136,0,1,22411331.769534,60,168,0,12,26337436.687339,52,132,2,1,22355392.162982,42,80,0,1,23652629.798219,
19,1552384032,0.800000,8,128,2,1,23913377.698556,7,100,0,1,24340913.887726,28,180,0,1,20962302.134135,30,180,0,1,21692145.686025,43,176,0,1,19667475.143316,13,164,0,1,20299334.971213,15,160,0,1,21511054.576888,5,140,0,1,24005427.396456,80,176,0,12,23595755.691244,78,152,0,12,24155324.075606,63,112,0,12,24842802.154644,86,168,0,12,25021362.292925,34,148,0,1,19451634.067103,44,140,0,1,19557106.592689,35,84,0,1,21769993.577080,33,120,0,1,22411495.522377,60,156,0,12,26337328.495989,52,132,2,1,22355347.150146,42,76,0,1,23652786.239421,
19,1552384033,0.000000,8,132,2,1,23913435.450052,7,104,0,1,24341039.031963,28,180,0,1,20962284.884595,30,168,0,1,21692239.507121,43,172,0,1,19667542.998488,13,164,0,1,20299328.610609,15,156,0,1,21510977.246248,5,140,0,1,24005565.689431,80,176,0,12,23595734.585206,78,152,0,12,24155387.864877,63,108,0,12,24842740.363423,86,168,0,12,25021446.970107,34,148,0,1,19451650.374331,44,140,0,1,19557043.300749,35,80,0,1,21769864.332042,33,120,0,1,22411659.379921,60,148,0,12,26337220.173763,52,132,2,1,22355301.779580,42,76,0,1,23652943.465882,
19,1552384033,0.200000,8,140,2,1,23913494.484138,7,104,0,1,24341165.109786,28,180,0,1,20962267.731031,30,156,0,1,21692333.712121,43,172,0,1,19667610.932186,13,172,0,1,20299322.101678,15,156,0,1,21510899.959234,5,140,0,1,24005704.017307,80,176,0,12,23595713.173789,78,152,0,12,24155451.898451,63,108,0,12,24842685.447588,86,160,0,12,25021531.333184,34,152,0,1,19451666.829886,44,140,0,1,19556980.078610,35,80,0,1,21769732.513098,33,124,0,1,22411823.254916,60,148,0,12,26337111.694484,52,128,2,1,22355256.356663,42,72,0,1,23653100.674894,
19,1552384033,0.400000,8,140,2,1,23913553.701452,7,108,0,1,24341290.454700,28,176,0,1,20962250.760694,30,156,0,1,21692427.498316,43,172,0,1,19667678.761182,13,168,0,1,20299315.645097,15,156,0,1,21510822.637319,5,140,0,1,24005842.336458,80,172,0,12,23595691.928149,78,152,0,12,24155516.228678,63,104,0,12,24842632.311675,86,156,0,12,25021615.670087,34,156,0,1,19451683.189465,44,140,0,1,19556916.577268,35,80,0,1,21769601.008257,33,124,0,1,22411986.841982,60,152,0,12,26337003.206481,52,128,2,1,22355210.218287,42,68,0,1,23653257.630877,
20,1552384033,0.600000,8,140,2,1,23913614.663788,7,108,0,1,24341416.593599,28,176,0,1,20962233.615855,30,156,0,1,21692521.642241,43,172,0,1,19667746.834481,13,168,0,1,20299309.118716,15,156,0,1,21510745.385205,5,140,0,1,24005980.611983,80,172,0,12,23595670.717409,78,152,0,12,24155580.445480,63,104,0,12,24842572.361452,86,156,0,12,25021700.312368,34,156,0,1,19451699.697371,44,144,0,1,19556853.416205,35,72,0,1,21769470.585329,33,128,0,1,22412150.708252,60,148,0,12,26336895.015131,52,128,2,1,22355165.772582,42,68,0,1,23653415.058017,93,136,3,1,39384587.341691,
20,1552384033,0.800000,8,136,2,1,23913674.169031,7,108,3,1,24341541.999589,28,172,0,1,20962216.444841,30,156,0,1,21692615.646564,43,172,0,1,19667814.829255,13,168,0,1,20299302.740661,15,152,0,1,21510667.958589,5,140,0,1,24006119.079461,80,172,0,12,23595649.271091,78,152,0,12,24155644.566305,63,100,0,12,24842518.702032,86,156,0,12,25021784.823772,34,156,0,1,19451716.161652,44,144,0,1,19556790.359843,35,72,0,1,21769340.938937,33,128,0,1,22412314.591972,60,148,0,12,26336786.535852,52,128,2,1,22355120.279865,42,64,0,1,23653572.336829,93,136,2,1,39384587.690696,
20,1552384034,0.000000,8,136,2,1,23913734.415907,7,108,2,1,24341668.435142,28,172,0,1,20962199.491954,30,156,0,1,21692709.746863,43,172,0,1,19667882.858929,13,164,0,1,20299296.467308,15,152,0,1,21510590.706475,5,140,0,1,24006257.477138,80,172,0,12,23595628.278479,78,148,0,12,24155708.460277,63,100,0,12,24842462.904961,86,156,0,12,25021869.178125,34,156,0,1,19451732.591032,44,144,0,1,19556727.085353,35,72,0,1,21769210.245531,33,128,0,1,22412478.466967,60,148,0,12,26336678.021673,52,128,2,1,22355074.612645,42,64,0,1,23653729.362614,93,136,2,1,39384587.978624,
20,1552384034,0.200000,8,132,2,1,23913794.592983,7,108,2,1,24341796.423764,28,168,0,1,20962182.399466,30,168,0,1,21692803.908238,43,172,0,1,19667950.958403,13,164,0,1,20299290.115428,15,152,0,1,21510513.428186,5,140,0,1,24006395.892265,80,164,0,12,23595606.875787,78,148,0,12,24155772.493851,63,100,0,12,24842404.089002,86,156,0,12,25021953.436501,34,148,0,1,19451749.090213,44,132,0,1,19556663.898115,35,72,0,1,21769083.303922,33,128,0,1,22412642.429213,60,148,0,12,26336569.612195,52,128,1,1,22355029.573633,42,64,0,1,23653886.597801,93,132,2,1,39384588.432330,
20,1552384034,0.400000,8,132,2,1,23913853.330416,7,108,2,1,24341922.580113,28,168,0,1,20962165.341878,30,168,0,1,21692898.270290,43,176,0,1,19668018.769949,13,160,0,1,20299283.597772,15,152,0,1,21510436.228422,5,140,0,1,24006534.324843,80,168,0,12,23595585.830825,78,148,0,12,24155836.588501,63,100,0,12,24842346.529459,86,148,0,12,25022037.878105,34,148,0,1,19451765.755171,44,132,0,1,19556600.850478,35,68,0,1,21768955.856257,33,128,0,1,22412806.164606,60,148,0,12,26336461.272518,52,128,0,1,22354984.264143,42,64,0,1,23654043.902788,93,132,2,1,39384588.859860,
20,1552384034,0.600000,8,132,2,1,23913914.214226,7,108,2,1,24342048.832438,28,164,0,1,20962148.240665,30,176,0,1,21692992.641068,43,176,0,1,19668087.000301,13,160,0,1,20299277.237168,15,152,0,1,21510358.854157,5,136,0,1,24006672.757420,80,164,0,12,23595564.716061,78,148,0,12,24155900.814027,63,100,0,12,24842290.226331,86,156,0,12,25022122.023055,34,152,0,1,19451782.271802,44,144,0,1,19556537.575989,35,68,0,1,21768824.682970,33,132,0,1,22412970.039600,60,144,0,12,26336353.002642,52,128,0,1,22354939.094254,42,64,0,1,23654200.631919,93,136,2,1,39384589.235040,
20,1552384034,0.800000,8,132,2,1,23913973.702018,7,108,2,1,24342175.110939,28,164,0,1,20962131.174352,30,176,0,1,21693087.099097,43,176,0,1,19668155.265553,13,156,0,1,20299270.841663,15,152,0,1,21510281.602043,5,140,0,1,24006811.259798,80,164,0,12,23595543.688549,78,148,0,12,24155964.707999,63,100,0,12,24842229.935829,86,160,0,12,25022206.717687,34,140,0,1,19451798.919310,44,132,0,1,19556474.432376,35,64,0,1,21768692.340519,33,132,0,1,22413133.949496,60,144,0,12,26336244.811292,52,128,0,1,22354893.618987,42,68,0,1,23654357.980532,93,132,2,1,39384589.610220,
20,1552384035,0.000000,8,132,2,1,23914034.769055,7,108,2,1,24342301.110236,28,168,0,1,20962114.116764,30,176,0,1,21693181.443699,43,176,0,1,19668223.138175,13,164,0,1,20299264.437433,15,156,0,1,21510204.349929,5,140,0,1,24006949.762176,80,172,0,12,23595522.626136,78,152,0,12,24156028.767749,63,100,0,12,24842167.786879,86,164,0,12,25022291.281442,34,140,0,1,19451815.401040,44,132,0,1,19556411.262588,35,64,0,1,21768564.072693,33,132,0,1,22413297.807040,60,148,0,12,26336136.523966,52,128,0,1,22354848.265871,42,68,0,1,23654515.407672,93,136,2,1,39384590.029025,
20,1552384035,0.200000,8,132,2,1,23914094.509875,7,108,2,1,24342427.004832,28,168,0,1,20962097.024276,30,176,0,1,21693275.840652,43,176,0,1,19668291.394701,13,164,0,1,20299258.111729,15,156,0,1,21510127.193791,5,140,0,1,24007088.151128,80,172,0,12,23595501.554998,78,152,0,12,24156092.932199,63,100,0,12,24842112.827418,86,164,0,12,25022375.897548,34,152,0,1,19451831.926396,44,132,0,1,19556348.249851,35,60,0,1,21768431.599365,33,132,0,1,22413461.751836,60,148,0,12,26336028.367517,52,124,0,1,22354802.904030,42,68,0,1,23654672.110627,93,136,2,1,39384590.622332,
20,1552384035,0.400000,8,132,2,1,23914150.926429,7,108,2,1,24342553.466560,28,172,0,1,20962080.141190,30,180,0,1,21693370.289955,43,176,0,1,19668359.415650,13,160,0,1,20299251.820926,15,156,0,1,21510049.880602,5,144,0,1,24007226.679682,80,172,0,12,23595480.387884,78,144,0,12,24156157.087925,63,104,0,12,24842054.046359,86,152,0,12,25022460.356602,34,152,0,1,19451848.539004,44,132,0,1,19556285.176039,35,60,0,1,21768302.432853,33,144,0,1,22413625.487229,60,148,0,12,26335919.827162,52,124,0,1,22354757.611990,42,72,0,1,23654829.345814,93,136,2,1,39384591.145839,
20,1552384035,0.600000,8,132,2,1,23914209.524261,7,108,2,1,24342681.071277,28,176,0,1,20962063.284280,30,180,0,1,21693464.686908,43,180,0,1,19668427.558750,13,160,0,1,20299245.434146,15,156,0,1,21509972.523786,5,144,0,1,24007365.059908,80,172,0,12,23595459.517424,78,144,0,12,24156221.278551,63,104,0,12,24841997.708331,86,152,0,12,25022544.806930,34,152,0,1,19451865.125436,44,132,0,1,19556222.224379,35,60,0,1,21768174.365705,33,140,0,1,22413789.187722,60,148,0,12,26335811.539836,52,128,0,1,22354712.354850,42,72,0,1,23654986.162196,93,136,2,1,39384591.678071,
20,1552384035,0.800000,8,132,2,1,23914269.020778,7,108,2,1,24342808.135037,28,176,0,1,20962046.479720,30,176,0,1,21693559.057686,43,180,0,1,19668495.597149,13,160,0,1,20299239.056091,15,156,0,1,21509895.097170,5,144,0,1,24007503.483760,80,172,0,12,23595438.603338,78,144,0,12,24156285.556428,63,108,0,12,24841938.429942,86,152,0,12,25022629.187458,34,152,0,1,19451881.642067,44,132,0,1,19556159.133117,35,60,0,1,21768044.937440,33,140,0,1,22413953.045266,60,148,0,12,26335703.278685,52,128,0,1,22354667.106435,42,68,0,1,23655143.310132,93,140,2,1,39384592.061975,
20,1552384036,0.000000,8,128,2,1,23914329.145503,7,108,2,1,24342934.875969,28,176,0,1,20962029.614085,30,176,0,1,21693653.323762,43,180,0,1,19668563.591923,13,160,0,1,20299232.660587,15,156,0,1,21509817.845056,5,144,0,1,24007641.942513,80,172,0,12,23595417.287897,78,144,0,12,24156349.590002,63,108,0,12,24841881.350280,86,152,0,12,25022713.847190,34,152,0,1,19451898.211048,44,132,0,1,19556096.085480,35,60,0,1,21767913.964831,33,140,0,1,22414116.928986,60,148,0,12,26335594.860483,52,128,0,1,22354621.840570,42,68,0,1,23655300.100338,93,140,2,1,39384592.489506,
20,1552384036,0.200000,8,140,2,1,23914385.317754,7,108,2,1,24343061.049768,28,180,0,1,20962012.730999,30,180,0,1,21693747.598563,43,176,0,1,19668631.717573,13,160,0,1,20299226.413409,15,156,0,1,21509740.470791,5,152,0,1,24007780.383816,80,176,0,12,23595396.574488,78,144,0,12,24156413.475249,63,108,0,12,24841823.214879,86,152,0,12,25022798.498196,34,148,0,1,19451914.675329,44,136,0,1,19556032.880791,35,60,0,1,21767782.922421,33,140,0,1,22414280.795256,60,156,0,12,26335486.782559,52,128,0,1,22354576.557255,42,68,0,1,23655457.623453,93,140,2,1,39384592.873410,
20,1552384036,0.400000,8,128,2,1,23914444.308215,7,108,2,1,24343188.462533,28,184,0,1,20961995.900264,30,184,0,1,21693841.960616,43,176,0,1,19668699.799597,13,160,0,1,20299220.131330,15,160,0,1,21509663.113976,5,152,0,1,24007918.938544,80,176,0,12,23595375.616777,78,152,0,12,24156477.997429,63,112,0,12,24841766.231193,86,160,0,12,25022883.149202,34,148,0,1,19451931.296661,44,136,0,1,19555969.632477,35,56,0,1,21767651.286704,33,140,0,1,22414444.556824,60,160,0,12,26335378.538858,52,128,0,1,22354531.177964,42,72,0,1,23655614.815015,93,140,2,1,39384593.266040,
20,1552384036,0.600000,8,128,2,1,23914504.188637,7,112,2,1,24343317.986774,28,184,0,1,20961979.252756,30,180,0,1,21693936.357569,43,176,0,1,19668767.846721,13,164,0,1,20299213.997579,15,160,0,1,21509585.661184,5,152,0,1,24008057.406022,80,176,0,12,23595354.563089,78,152,0,12,24156542.048453,63,112,0,12,24841706.699775,86,160,0,12,25022967.756583,34,152,0,1,19451947.944169,44,136,0,1,19555906.733167,35,56,0,1,21767519.973815,33,140,0,1,22414608.370743,60,156,0,12,26335270.452210,52,128,0,1,22354485.894649,42,76,0,1,23655772.198529,93,140,2,1,39384593.789547,
20,1552384036,0.800000,8,128,2,1,23914566.224161,7,112,2,1,24343449.186236,28,184,0,1,20961962.378396,30,180,0,1,21694030.737071,43,176,0,1,19668835.928746,13,164,0,1,20299207.706775,15,160,0,1,21509508.435246,5,148,0,1,24008195.890950,80,176,0,12,23595333.736254,78,152,0,12,24156606.352506,63,112,0,12,24841647.028756,86,160,0,12,25023052.128386,34,152,0,1,19451964.574227,44,136,0,1,19555843.894933,35,52,0,1,21767390.772403,33,140,0,1,22414772.219563,60,156,0,12,26335162.129983,52,128,0,1,22354440.558983,42,80,0,1,23655929.250488,93,140,2,1,39384594.251978,
19,1552384037,0.000000,8,128,2,1,23914627.579127,7,112,2,1,24343577.305735,28,180,0,1,20961945.442959,30,180,0,1,21694125.090398,43,172,0,1,19668903.810093,13,160,0,1,20299201.485773,15,160,0,1,21509431.078430,5,148,0,1,24008334.288627,80,176,0,12,23595312.647666,78,152,0,12,24156670.490781,63,116,0,12,24841592.095470,86,160,0,12,25023136.552539,34,152,0,1,19451981.282810,44,140,0,1,19555781.039249,35,48,0,1,21767260.131348,33,136,0,1,22414936.077107,60,156,0,12,26335054.095685,52,124,0,1,22354395.223318,42,80,0,1,23656086.162846,
19,1552384037,0.200000,8,128,2,1,23914688.201183,7,112,2,1,24343704.988978,28,180,0,1,20961928.664575,30,184,0,1,21694219.417550,43,172,0,1,19668971.918293,13,160,0,1,20299195.299670,15,160,0,1,21509353.817591,5,148,0,1,24008472.660129,80,176,0,12,23595291.716130,78,152,0,12,24156734.663957,63,116,0,12,24841537.842743,86,160,0,12,25023221.220996,34,156,0,1,19451997.781991,44,140,0,1,19555718.017787,35,52,0,1,21767130.031249,33,136,0,1,22415099.838676,60,156,0,12,26334945.869435,52,124,0,1,22354349.887652,42,84,0,1,23656243.153730,
19,1552384037,0.400000,8,132,2,1,23914749.442723,7,112,2,1,24343830.569470,28,180,0,1,20961911.825115,30,184,0,1,21694313.919205,43,168,0,1,19669040.078843,13,160,0,1,20299189.122293,15,160,0,1,21509276.556752,5,148,0,1,24008611.179957,80,180,0,12,23595270.732243,78,152,0,12,24156798.584104,63,112,0,12,24841480.483878,86,160,0,12,25023305.819651,34,156,0,1,19452014.368423,44,144,0,1,19555655.013776,35,52,0,1,21767000.192904,33,136,0,1,22415263.617694,60,156,0,12,26334837.468682,52,120,0,1,22354304.368759,42,88,0,1,23656399.856685,
19,1552384037,0.600000,8,132,2,1,23914809.288244,7,108,2,1,24343957.013748,28,180,0,1,20961894.933304,30,188,0,1,21694408.351058,43,168,0,1,19669108.117242,13,160,0,1,20299182.910016,15,160,0,1,21509199.269738,5,148,0,1,24008749.647435,80,180,0,12,23595249.757081,78,152,0,12,24156862.766005,63,112,0,12,24841422.470629,86,160,0,12,25023390.278705,34,156,0,1,19452031.050831,44,144,0,1,19555591.974865,35,56,0,1,21766871.253245,33,136,0,1,22415427.466514,60,156,0,12,26334729.425659,52,120,0,1,22354258.125682,42,88,0,1,23656556.707968,
19,1552384037,0.800000,8,132,2,1,23914868.837112,7,108,2,1,24344084.051333,28,180,0,1,20961877.910617,30,184,0,1,21694502.704385,43,168,0,1,19669176.251617,13,160,0,1,20299176.453435,15,160,0,1,21509122.008899,5,148,0,1,24008888.167263,80,180,0,12,23595228.651043,78,152,0,12,24156926.886830,63,112,0,12,24841362.494230,86,160,0,12,25023474.982062,34,156,0,1,19452047.750689,44,144,0,1,19555528.944678,35,56,0,1,21766741.824980,33,132,0,1,22415591.428760,60,152,0,12,26334621.164508,52,120,0,1,22354212.441012,42,92,0,1,23656713.951880,
19,1552384038,0.000000,8,132,2,1,23914927.487294,7,104,2,1,24344213.950754,28,184,0,1,20961860.966455,30,184,0,1,21694597.136239,43,168,0,1,19669244.220215,13,160,0,1,20299170.162632,15,160,0,1,21509044.634633,5,148,0,1,24009026.547490,80,180,0,12,23595207.387953,78,152,0,12,24156990.946580,63,112,0,12,24841309.916724,86,164,0,12,25023559.729044,34,156,0,1,19452064.337121,44,148,0,1,19555465.966842,35,56,0,1,21766611.044324,33,132,0,1,22415755.399731,60,152,0,12,26334512.894632,52,120,0,1,22354167.253673,42,96,0,1,23656871.134716,
19,1552384038,0.200000,8,132,1,1,23914984.183052,7,104,2,1,24344339.269493,28,184,0,1,20961844.135720,30,184,0,1,21694691.367414,43,168,0,1,19669312.249889,13,164,0,1,20299163.950354,15,156,0,1,21508967.417420,5,148,0,1,24009164.953892,80,180,0,12,23595186.491317,78,152,0,12,24157054.919078,63,108,0,12,24841256.711010,86,164,0,12,25023644.153198,34,160,0,1,19452080.958454,44,148,0,1,19555403.050082,35,56,0,1,21766481.406656,33,132,0,1,22415919.344526,60,152,0,12,26334404.607306,52,120,0,1,22354121.089122,42,96,0,1,23657028.492054,
19,1552384038,0.400000,8,136,0,1,23915045.738695,7,104,0,1,24344466.839309,28,184,0,1,20961827.261360,30,184,0,1,21694785.642216,43,168,0,1,19669380.244663,13,164,0,1,20299157.589750,15,156,0,1,21508889.938453,5,148,0,1,24009303.473720,80,180,0,12,23595165.585956,78,152,0,12,24157119.048628,63,108,0,12,24841198.872264,86,164,0,12,25023728.673327,34,160,0,1,19452097.832814,44,148,0,1,19555340.011171,35,52,0,1,21766351.446159,33,132,0,1,22416083.280597,60,152,0,12,26334296.424681,52,120,0,1,22354075.587679,42,100,0,1,23657185.840668,
19,1552384038,0.600000,8,136,0,1,23915107.451390,7,100,0,1,24344593.344663,28,184,0,1,20961810.535326,30,184,0,1,21694879.855941,43,168,0,1,19669448.379038,13,164,0,1,20299151.368747,15,156,0,1,21508812.695064,5,148,0,1,24009441.888847,80,180,0,12,23595144.532268,78,152,0,12,24157183.291605,63,108,0,12,24841136.923991,86,164,0,12,25023813.228357,34,156,0,1,19452114.672274,44,148,0,1,19555277.111861,35,52,0,1,21766222.305823,33,132,0,1,22416247.277743,60,152,0,12,26334188.128630,52,116,0,1,22354029.885559,42,100,0,1,23657343.067130,
19,1552384038,0.800000,8,132,0,1,23915166.232448,7,100,0,1,24344722.929980,28,176,0,1,20961793.730766,30,188,0,1,21694974.183093,43,172,0,1,19669516.312735,13,164,0,1,20299145.200095,15,156,0,1,21508735.477851,5,148,0,1,24009580.207998,80,180,0,12,23595123.705433,78,152,0,12,24157247.115776,63,104,0,12,24841074.949543,86,168,0,12,25023897.783387,34,148,0,1,19452131.267432,44,148,0,1,19555214.168925,35,56,0,1,21766093.619192,33,128,0,1,22416411.379591,60,152,0,12,26334079.570825,52,116,0,1,22353983.459255,42,100,0,1,23657499.883511,
19,1552384039,0.000000,8,132,0,1,23915225.292710,7,104,0,1,24344852.759600,28,176,0,1,20961777.022183,30,184,0,1,21695068.693473,43,176,0,1,19669584.490736,13,164,0,1,20299138.830766,15,160,0,1,21508658.321713,5,148,0,1,24009718.666751,80,180,0,12,23595102.407443,78,152,0,12,24157311.376203,63,104,0,12,24841019.021595,86,168,0,12,25023982.443119,34,148,0,1,19452148.045816,44,148,0,1,19555151.191090,35,56,0,1,21765964.112401,33,128,0,1,22416575.289486,60,152,0,12,26333971.309674,52,116,0,1,22353936.823548,42,100,0,1,23657656.691168,
20,1552384039,0.200000,8,132,0,1,23915284.981180,7,104,0,1,24344980.660971,28,180,0,1,20961760.208898,30,184,0,1,21695163.230027,43,176,0,1,19669652.520410,13,164,0,1,20299132.601038,15,160,0,1,21508580.991073,5,148,0,1,24009857.326181,80,176,0,12,23595081.528257,78,152,0,12,24157375.514478,63,100,0,12,24840964.917195,86,164,0,12,25024066.937073,34,152,0,1,19452164.710774,44,148,0,1,19555088.248154,35,56,0,1,21765834.640511,33,128,0,1,22416739.024879,60,160,0,12,26333862.935097,52,116,0,1,22353887.509233,42,96,0,1,23657813.847829,93,136,3,1,39384599.923298,
20,1552384039,0.400000,8,132,0,1,23915345.367658,7,108,3,1,24345111.572504,28,180,0,1,20961743.386888,30,184,0,1,21695257.626980,43,176,0,1,19669720.663510,13,164,0,1,20299126.380035,15,160,0,1,21508503.625533,5,148,0,1,24009995.697683,80,176,0,12,23595060.570546,78,152,0,12,24157439.705104,63,104,0,12,24840902.680993,86,164,0,12,25024151.439753,34,152,0,1,19452181.506608,44,148,0,1,19555025.418645,35,56,0,1,21765705.090094,33,140,0,1,22416902.899874,60,160,0,12,26333754.499444,52,120,0,1,22353842.260818,42,96,0,1,23657970.751462,93,132,2,1,39384600.420630,
20,1552384039,0.600000,8,132,0,1,23915408.275693,7,108,2,1,24345238.985269,28,180,0,1,20961726.599779,30,184,0,1,21695352.006483,43,176,0,1,19669788.745535,13,164,0,1,20299120.193933,15,160,0,1,21508426.207642,5,148,0,1,24010134.147710,80,176,0,12,23595039.839687,78,152,0,12,24157503.904455,63,104,0,12,24840839.781683,86,160,0,12,25024236.116934,34,152,0,1,19452198.223917,44,148,0,1,19554962.554236,35,56,0,1,21765575.164498,33,136,0,1,22417066.931921,60,164,0,12,26333646.404070,52,120,0,1,22353799.533960,42,92,0,1,23658127.969198,93,132,2,1,39384600.987762,
20,1552384039,0.800000,8,132,0,1,23915466.149340,7,112,2,1,24345366.982616,28,176,0,1,20961709.751594,30,184,0,1,21695446.342360,43,176,0,1,19669856.853735,13,164,0,1,20299113.946755,15,160,0,1,21508348.964253,5,148,0,1,24010272.632638,80,176,0,12,23595018.943051,78,152,0,12,24157567.798427,63,100,0,12,24840782.501343,86,160,0,12,25024320.680689,34,156,0,1,19452214.915050,44,148,0,1,19554899.585125,35,56,0,1,21765444.305315,33,136,0,1,22417231.042493,60,160,0,12,26333537.959692,52,120,0,1,22353757.060130,42,88,0,1,23658285.413788,93,136,2,1,39384601.397842,
20,1552384040,0.000000,8,132,0,1,23915527.364704,7,112,2,1,24345498.121002,28,176,0,1,20961693.043010,30,180,0,1,21695540.634611,43,176,0,1,19669925.118986,13,168,0,1,20299107.926430,15,160,0,1,21508271.668514,5,148,0,1,24010411.039040,80,172,0,12,23594998.028965,78,152,0,12,24157632.058854,63,100,0,12,24840726.974751,86,160,0,12,25024405.384046,34,156,0,1,19452231.728335,44,148,0,1,19554836.598564,35,56,0,1,21765314.571672,33,132,0,1,22417395.091990,60,160,0,12,26333429.489139,52,120,0,1,22353709.412310,42,88,0,1,23658442.884553,93,144,2,1,39384602.087125,
20,1552384040,0.200000,8,132,0,1,23915587.253852,7,112,2,1,24345626.266676,28,176,0,1,20961676.072673,30,180,0,1,21695635.022839,43,176,0,1,19669993.253362,13,172,0,1,20299101.845029,15,156,0,1,21508194.355324,5,140,0,1,24010549.585044,80,172,0,12,23594977.193405,78,152,0,12,24157696.188404,63,100,0,12,24840670.942101,86,160,0,12,25024490.069953,34,156,0,1,19452248.567795,44,148,0,1,19554773.830131,35,52,0,1,21765184.131294,33,136,0,1,22417559.062961,60,160,0,12,26333321.376315,52,120,0,1,22353663.204134,42,84,0,1,23658600.285517,93,144,2,1,39384602.567006,
20,1552384040,0.400000,8,136,0,1,23915648.390689,7,112,2,1,24345755.913069,28,176,0,1,20961659.128512,30,180,0,1,21695729.384891,43,176,0,1,19670061.492438,13,172,0,1,20299095.781079,15,156,0,1,21508117.155561,5,140,0,1,24010688.035072,80,172,0,12,23594956.296769,78,152,0,12,24157760.213253,63,100,0,12,24840609.831439,86,160,0,12,25024574.878011,34,156,0,1,19452265.485781,44,144,0,1,19554710.956997,35,56,0,1,21765053.734542,33,136,0,1,22417723.086283,60,152,0,12,26333213.289666,52,120,0,1,22353617.083208,42,84,0,1,23658757.154249,93,144,2,1,39384603.308641,
20,1552384040,0.600000,8,136,0,1,23915708.908045,7,112,2,1,24345883.570137,28,176,0,1,20961642.323952,30,180,0,1,21695823.877821,43,176,0,1,19670129.574463,13,168,0,1,20299089.525175,15,156,0,1,21508039.947072,5,140,0,1,24010826.729402,80,172,0,12,23594935.435034,78,152,0,12,24157824.403879,63,100,0,12,24840553.493411,86,160,0,12,25024659.607543,34,156,0,1,19452282.447393,44,144,0,1,19554648.153663,35,56,0,1,21764924.061974,33,136,0,1,22417887.048529,60,152,0,12,26333104.888913,52,120,0,1,22353574.373800,42,80,0,1,23658913.918280,93,144,2,1,39384604.032825,
20,1552384040,0.800000,8,136,0,1,23915769.957631,7,112,2,1,24346012.204417,28,176,0,1,20961625.632819,30,184,0,1,21695918.562702,43,176,0,1,19670197.813539,13,168,0,1,20299083.426324,15,156,0,1,21507962.686233,5,140,0,1,24010965.153254,80,176,0,12,23594914.582024,78,152,0,12,24157888.707932,63,100,0,12,24840495.323110,86,160,0,12,25024744.162573,34,156,0,1,19452299.225777,44,144,0,1,19554585.315429,35,56,0,1,21764793.368568,33,136,0,1,22418051.010775,60,152,0,12,26332996.715014,52,120,0,1,22353529.465665,42,80,0,1,23659070.664861,93,144,2,1,39384604.538881,
20,1552384041,0.000000,8,136,0,1,23915830.003831,7,112,2,1,24346138.735946,28,180,0,1,20961608.871885,30,184,0,1,21696013.038181,43,176,0,1,19670266.078791,13,168,0,1,20299077.257672,15,156,0,1,21507885.582446,5,144,0,1,24011103.707983,80,176,0,12,23594893.702838,78,152,0,12,24157952.933458,63,100,0,12,24840436.829980,86,156,0,12,25024828.857205,34,156,0,1,19452316.108863,44,144,0,1,19554522.564446,35,56,0,1,21764663.713450,33,136,0,1,22418215.042821,60,152,0,12,26332888.532389,52,120,0,1,22353484.077649,42,80,0,1,23659227.664470,93,144,2,1,39384605.201989,
20,1552384041,0.200000,8,132,0,1,23915891.611824,7,108,2,1,24346268.207836,28,176,0,1,20961592.137126,30,180,0,1,21696107.592186,43,180,0,1,19670334.405118,13,164,0,1,20299071.307148,15,152,0,1,21507808.391408,5,140,0,1,24011242.210361,80,172,0,12,23594873.067956,78,148,0,12,24158016.914681,63,96,0,12,24840380.247649,86,152,0,12,25024913.455861,34,156,0,1,19452332.991949,44,144,0,1,19554459.848363,35,60,0,1,21764535.340923,33,136,0,1,22418378.987617,60,148,0,12,26332780.122911,52,120,0,1,22353436.682857,42,80,0,1,23659384.986908,93,136,2,1,39384605.725496,
20,1552384041,0.400000,8,132,0,1,23915950.890214,7,108,2,1,24346397.688452,28,176,0,1,20961575.419817,30,180,0,1,21696201.919338,43,180,0,1,19670402.801247,13,164,0,1,20299065.321723,15,152,0,1,21507731.095668,5,140,0,1,24011380.817441,80,172,0,12,23594852.363273,78,148,0,12,24158080.974431,63,96,0,12,24840320.271251,86,152,0,12,25024997.923640,34,156,0,1,19452349.831409,44,144,0,1,19554396.887978,35,60,0,1,21764406.950946,33,136,0,1,22418543.072014,60,144,0,12,26332671.887935,52,120,0,1,22353389.165914,42,76,0,1,23659542.152294,93,136,2,1,39384606.432230,
20,1552384041,0.600000,8,132,0,1,23916011.049840,7,108,2,1,24346530.292657,28,176,0,1,20961558.693784,30,180,0,1,21696296.455892,43,180,0,1,19670471.197375,13,168,0,1,20299059.353749,15,152,0,1,21507653.808654,5,136,0,1,24011519.424520,80,172,0,12,23594831.702215,78,144,0,12,24158145.374459,63,96,0,12,24840261.097562,86,152,0,12,25025082.583371,34,156,0,1,19452366.784295,44,144,0,1,19554334.023568,35,64,0,1,21764278.054913,33,136,0,1,22418707.261113,60,144,0,12,26332563.731486,52,120,0,1,22353345.601446,42,76,0,1,23659699.169353,93,132,2,1,39384607.121513,
20,1552384041,0.800000,8,132,0,1,23916072.239028,7,108,2,1,24346658.481956,28,176,0,1,20961542.002650,30,180,0,1,21696391.036072,43,180,0,1,19670539.471352,13,168,0,1,20299053.394500,15,148,0,1,21507576.652516,5,136,0,1,24011658.005425,80,172,0,12,23594811.023707,78,144,0,12,24158209.477834,63,96,0,12,24840200.545307,86,152,0,12,25025166.937724,34,156,0,1,19452383.693556,44,144,0,1,19554271.316211,35,68,0,1,21764149.586410,33,136,0,1,22418871.258259,60,144,0,12,26332455.470335,52,124,0,1,22353301.007414,42,72,0,1,23659855.977010,93,132,2,1,39384607.697370,
20,1552384042,0.000000,8,132,0,1,23916132.520805,7,108,2,1,24346786.906834,28,172,0,1,20961525.110840,30,176,0,1,21696485.494101,43,180,0,1,19670607.727879,13,164,0,1,20299047.487601,15,148,0,1,21507499.601080,5,136,0,1,24011796.560153,80,172,0,12,23594790.109621,78,144,0,12,24158273.834237,63,96,0,12,24840140.438032,86,152,0,12,25025251.518929,34,156,0,1,19452400.567917,44,144,0,1,19554208.582678,35,68,0,1,21764020.507150,33,136,0,1,22419035.316482,60,140,0,12,26332347.244085,52,120,0,1,22353257.111392,42,72,0,1,23660012.941719,93,132,2,1,39384608.185977,
