obsCount, time1, time2, sat, SNR, LLI, code,P
22,1562423259,0.802000,8,184,0,1,21391878.820891,10,168,0,1,21320555.313733,20,180,0,1,22109128.315060,55,128,0,1,21274801.340664,18,160,0,1,22601319.942911,27,180,0,1,21643254.721700,56,148,0,1,19795236.140788,40,144,0,1,20718812.320740,11,156,0,1,23914060.595377,15,72,0,1,25053526.518763,74,164,0,12,25169933.874291,68,172,0,12,23943677.547956,64,160,0,12,25832360.124089,33,160,0,1,20794521.544109,49,164,0,1,21925237.441151,86,148,0,12,26770428.966289,47,176,0,1,22853000.822200,80,124,0,12,27605512.626265,39,108,0,1,23881714.671610,32,136,0,1,24879556.956912,21,108,0,1,25234525.656527,48,100,0,1,23037056.376277,
1,1562423259,0.802000,93,132,0,1,39962879.513034,
22,1562423260,0.002000,8,184,0,1,21391849.644127,10,168,0,1,21320564.527448,20,180,0,1,22109210.854590,55,128,0,1,21274910.509226,18,160,0,1,22601194.266443,27,180,0,1,21643330.001939,56,148,0,1,19795220.365791,40,144,0,1,20718854.096561,11,152,0,1,23913919.213713,15,72,0,1,25053628.288433,74,164,0,12,25169851.299861,68,172,0,12,23943704.560893,64,160,0,12,25832279.155079,33,160,0,1,20794421.798664,49,164,0,1,21925105.203401,86,148,0,12,26770493.148190,47,176,0,1,22853088.108189,80,124,0,12,27605475.980808,39,108,0,1,23881865.092487,32,136,0,1,24879421.159317,21,104,0,1,25234634.929791,48,100,0,1,23037007.829771,
1,1562423260,0.002000,93,132,0,1,39962876.302194,
22,1562423260,0.202000,8,184,0,1,21391820.292861,10,168,0,1,21320573.741163,20,180,0,1,22109293.324319,55,128,0,1,21275019.782489,18,160,0,1,22601068.799377,27,176,0,1,21643405.247278,56,148,0,1,19795204.520993,40,144,0,1,20718896.011984,11,152,0,1,23913777.901850,15,68,0,1,25053728.871488,74,164,0,12,25169768.655630,68,176,0,12,23943731.643631,64,160,0,12,25832198.151168,33,160,0,1,20794322.123021,49,164,0,1,21924972.965651,86,148,0,12,26770557.504593,47,176,0,1,22853175.533780,80,124,0,12,27605435.670805,39,108,0,1,23882014.989857,32,136,0,1,24879285.501325,21,108,0,1,25234745.529271,48,96,0,1,23036959.038962,
1,1562423260,0.202000,93,132,0,1,39962873.230956,
22,1562423260,0.402000,8,184,0,1,21391791.046296,10,172,0,1,21320582.919978,20,180,0,1,22109375.584646,55,128,0,1,21275129.020852,18,160,0,1,22600943.192710,27,176,0,1,21643480.318115,56,148,0,1,19795188.780897,40,144,0,1,20718937.857606,11,152,0,1,23913636.589987,15,68,0,1,25053829.035738,74,164,0,12,25169686.116100,68,176,0,12,23943758.761269,64,160,0,12,25832117.077456,33,160,0,1,20794222.482277,49,164,0,1,21924840.727901,86,148,0,12,26770621.826096,47,176,0,1,22853263.029172,80,124,0,12,27605396.407815,39,108,0,1,23882164.747626,32,136,0,1,24879149.738631,21,108,0,1,25234853.964924,48,96,0,1,23036911.330067,
1,1562423260,0.402000,93,132,0,1,39962870.124817,
22,1562423260,0.602000,8,184,0,1,21391761.555428,10,172,0,1,21320592.028992,20,180,0,1,22109457.879873,55,128,0,1,21275238.294116,18,160,0,1,22600817.586042,27,176,0,1,21643555.423852,56,148,0,1,19795172.936099,40,144,0,1,20718979.842830,11,156,0,1,23913495.103621,15,68,0,1,25053928.850983,74,164,0,12,25169603.541669,68,176,0,12,23943785.983609,64,160,0,12,25832035.864143,33,160,0,1,20794122.736833,49,164,0,1,21924708.490151,86,148,0,12,26770686.391902,47,176,0,1,22853350.384962,80,124,0,12,27605357.249527,39,108,0,1,23882314.610096,32,136,0,1,24879014.115538,21,108,0,1,25234964.110698,48,96,0,1,23036863.132566,
1,1562423260,0.602000,93,132,0,1,39962866.913977,
22,1562423260,0.802000,8,184,0,1,21391732.273963,10,172,0,1,21320601.207806,20,180,0,1,22109540.384502,55,128,0,1,21275347.602280,18,160,0,1,22600691.979375,27,176,0,1,21643630.704091,56,148,0,1,19795157.161102,40,144,0,1,20719021.618651,11,156,0,1,23913353.756858,15,68,0,1,25054029.189735,74,160,0,12,25169521.106841,68,172,0,12,23943812.926745,64,160,0,12,25831954.720630,33,160,0,1,20794023.096089,49,164,0,1,21924576.357102,86,148,0,12,26770750.783205,47,176,0,1,22853437.775652,80,124,0,12,27605319.103351,39,108,0,1,23882464.751769,32,136,0,1,24878878.422645,21,108,0,1,25235074.396074,48,96,0,1,23036814.237056,
1,1562423260,0.802000,93,132,0,1,39962863.668236,
22,1562423261,0.002000,8,184,0,1,21391702.992497,10,172,0,1,21320610.491322,20,180,0,1,22109622.749530,55,128,0,1,21275456.875543,18,160,0,1,22600566.337807,27,176,0,1,21643705.740028,56,148,0,1,19795141.455906,40,144,0,1,20719063.429373,11,156,0,1,23913212.410094,15,64,0,1,25054128.446574,74,160,0,12,25169438.427709,68,172,0,12,23943840.009483,64,160,0,12,25831873.821421,33,160,0,1,20793923.280844,49,164,0,1,21924444.154253,86,152,0,12,26770814.965106,47,176,0,1,22853525.201243,80,124,0,12,27605283.330404,39,108,0,1,23882614.579339,32,136,0,1,24878742.555250,21,108,0,1,25235184.088143,48,100,0,1,23036765.690550,
2,1562423261,0.002000,28,88,0,1,25369871.499741,93,132,0,1,39962860.701699,
22,1562423261,0.202000,8,184,0,1,21391673.606331,10,172,0,1,21320619.565435,20,180,0,1,22109705.114557,55,132,0,1,21275566.253508,18,160,0,1,22600440.870742,27,176,0,1,21643780.985367,56,148,0,1,19795125.680909,40,144,0,1,20719105.240095,11,152,0,1,23913071.237832,15,68,0,1,25054228.261819,74,160,0,12,25169355.923080,68,176,0,12,23943867.057320,64,160,0,12,25831792.712809,33,160,0,1,20793823.605200,49,164,0,1,21924312.021204,86,152,0,12,26770879.181907,47,176,0,1,22853612.661735,80,124,0,12,27605240.437769,39,108,0,1,23882763.499497,32,140,0,1,24878606.897257,21,108,0,1,25235294.024515,48,100,0,1,23036717.423247,
2,1562423261,0.202000,28,92,0,1,25369770.777084,93,132,0,1,39962857.525760,
22,1562423261,0.402000,8,184,0,1,21391644.289965,10,172,0,1,21320628.674449,20,180,0,1,22109787.549386,55,132,0,1,21275675.631473,18,160,0,1,22600315.403676,27,176,0,1,21643856.265606,56,148,0,1,19795109.836112,40,144,0,1,20719147.050816,11,156,0,1,23912929.856168,15,64,0,1,25054327.867662,74,160,0,12,25169273.209048,68,172,0,12,23943893.895755,64,160,0,12,25831711.778699,33,160,0,1,20793724.034258,49,164,0,1,21924179.713653,86,152,0,12,26770943.503410,47,176,0,1,22853700.087326,80,124,0,12,27605201.419082,39,108,0,1,23882913.955274,32,140,0,1,24878471.378866,21,108,0,1,25235402.180964,48,100,0,1,23036669.225746,
2,1562423261,0.402000,28,92,0,1,25369671.031639,93,132,0,1,39962854.454521,
22,1562423261,0.602000,8,184,0,1,21391615.008499,10,172,0,1,21320637.783462,20,180,0,1,22109869.949314,55,128,0,1,21275784.765135,18,160,0,1,22600189.727208,27,176,0,1,21643931.371343,56,148,0,1,19795094.061115,40,144,0,1,20719188.826638,11,156,0,1,23912788.404703,15,64,0,1,25054426.810396,74,160,0,12,25169190.634617,68,172,0,12,23943921.013393,64,160,0,12,25831630.635186,33,160,0,1,20793624.323714,49,164,0,1,21924047.406102,86,152,0,12,26771007.964514,47,176,0,1,22853787.512916,80,124,0,12,27605163.552110,39,108,0,1,23883064.690255,32,140,0,1,24878335.720874,21,108,0,1,25235511.419327,48,104,0,1,23036620.504738,
2,1562423261,0.602000,28,92,0,1,25369570.029779,93,132,0,1,39962851.383283,
22,1562423261,0.802000,8,184,0,1,21391585.657233,10,172,0,1,21320646.857576,20,180,0,1,22109952.523745,55,128,0,1,21275894.108199,18,160,0,1,22600064.120541,27,176,0,1,21644006.721383,56,148,0,1,19795078.286118,40,144,0,1,20719230.637359,11,152,0,1,23912646.988139,15,60,0,1,25054527.009547,74,164,0,12,25169107.885685,68,172,0,12,23943948.200833,64,160,0,12,25831549.456774,33,160,0,1,20793524.717871,49,164,0,1,21923915.098551,86,152,0,12,26771072.251116,47,176,0,1,22853874.938507,80,124,0,12,27605122.264894,39,108,0,1,23883214.622526,32,140,0,1,24878200.132682,21,108,0,1,25235621.111396,48,104,0,1,23036572.795843,
2,1562423261,0.802000,28,88,0,1,25369467.492299,93,132,0,1,39962848.346945,
22,1562423262,0.002000,8,184,0,1,21391556.340867,10,172,0,1,21320656.036390,20,180,0,1,22110034.958573,55,132,0,1,21276003.381463,18,160,0,1,22599938.548774,27,176,0,1,21644081.827120,56,148,0,1,19795062.511121,40,144,0,1,20719272.343380,11,152,0,1,23912505.780977,15,60,0,1,25054626.859693,74,164,0,12,25169025.101852,68,172,0,12,23943975.178869,64,160,0,12,25831468.417962,33,160,0,1,20793425.181829,49,164,0,1,21923782.756100,86,152,0,12,26771136.537718,47,176,0,1,22853962.259397,80,124,0,12,27605080.698476,39,108,0,1,23883365.427308,32,140,0,1,24878064.509590,21,108,0,1,25235732.304183,48,104,0,1,23036523.690930,
2,1562423262,0.002000,28,88,0,1,25369364.256811,93,132,0,1,39962845.205906,
22,1562423262,0.202000,8,184,0,1,21391527.024502,10,172,0,1,21320665.110503,20,180,0,1,22110117.253800,55,132,0,1,21276112.794328,18,160,0,1,22599813.081708,27,176,0,1,21644156.967758,56,148,0,1,19795046.805925,40,144,0,1,20719314.049400,11,152,0,1,23912364.504014,15,60,0,1,25054726.779639,74,164,0,12,25168942.806625,68,172,0,12,23944002.261607,64,160,0,12,25831387.518753,33,160,0,1,20793325.610886,49,164,0,1,21923650.657952,86,152,0,12,26771200.580017,47,176,0,1,22854049.719888,80,124,0,12,27605041.121382,39,108,0,1,23883515.848185,32,140,0,1,24877928.956298,21,108,0,1,25235841.437845,48,104,0,1,23036474.481316,
2,1562423262,0.202000,28,84,0,1,25369262.138137,93,132,0,1,39962842.204468,
22,1562423262,0.402000,8,184,0,1,21391497.777937,10,172,0,1,21320674.359119,20,180,0,1,22110199.409425,55,132,0,1,21276221.997790,18,160,0,1,22599687.440141,27,176,0,1,21644232.213097,56,148,0,1,19795030.926227,40,140,0,1,20719355.755421,11,156,0,1,23912223.017648,15,64,0,1,25054827.153292,74,164,0,12,25168860.022792,68,172,0,12,23944029.344345,64,160,0,12,25831306.096037,33,160,0,1,20793226.005043,49,164,0,1,21923518.524903,86,152,0,12,26771264.727018,47,176,0,1,22854137.285081,80,124,0,12,27605001.299985,39,108,0,1,23883667.141573,32,140,0,1,24877793.193604,21,108,0,1,25235950.431905,48,104,0,1,23036425.411304,
2,1562423262,0.402000,28,84,0,1,25369159.949662,93,128,0,1,39962838.923828,
22,1562423262,0.602000,8,184,0,1,21391468.391770,10,172,0,1,21320683.607734,20,180,0,1,22110281.739552,55,128,0,1,21276331.166353,18,160,0,1,22599561.973075,27,176,0,1,21644307.388635,56,152,0,1,19795015.290832,40,140,0,1,20719397.531242,11,156,0,1,23912081.705785,15,68,0,1,25054928.015550,74,164,0,12,25168777.657764,68,172,0,12,23944056.182780,64,160,0,12,25831225.161927,33,160,0,1,20793126.434101,49,164,0,1,21923386.391854,86,152,0,12,26771328.769317,47,176,0,1,22854224.710672,80,124,0,12,27604964.724329,39,108,0,1,23883817.946354,32,140,0,1,24877657.535611,21,108,0,1,25236061.485091,48,104,0,1,23036377.423205,
1,1562423262,0.602000,93,128,0,1,39962835.782788,
22,1562423262,0.802000,8,184,0,1,21391439.075404,10,172,0,1,21320692.716748,20,180,0,1,22110364.139481,55,128,0,1,21276440.474516,18,160,0,1,22599436.540910,27,176,0,1,21644382.599073,56,152,0,1,19794999.585636,40,140,0,1,20719439.341963,11,156,0,1,23911940.289221,15,72,0,1,25055028.877809,74,164,0,12,25168695.048433,68,172,0,12,23944083.300418,64,160,0,12,25831143.878813,33,160,0,1,20793026.898059,49,164,0,1,21923254.223905,86,152,0,12,26771393.265322,47,176,0,1,22854312.136263,80,124,0,12,27604930.137997,39,108,0,1,23883969.065240,32,140,0,1,24877521.703117,21,108,0,1,25236171.700666,48,104,0,1,23036330.377418,
1,1562423262,0.802000,93,132,0,1,39962832.571948,
22,1562423263,0.002000,8,184,0,1,21391409.933541,10,172,0,1,21320701.895562,20,180,0,1,22110446.295106,55,128,0,1,21276549.608178,18,160,0,1,22599310.934243,27,176,0,1,21644457.809512,56,152,0,1,19794983.810639,40,140,0,1,20719481.013083,11,156,0,1,23911798.942457,15,76,0,1,25055130.368275,74,164,0,12,25168612.508904,68,172,0,12,23944110.348256,64,160,0,12,25831062.595699,33,160,0,1,20792927.187515,49,164,0,1,21923122.021055,86,152,0,12,26771457.517023,47,176,0,1,22854399.526953,80,124,0,12,27604885.046635,39,112,0,1,23884119.625719,32,140,0,1,24877385.940422,21,108,0,1,25236282.055843,48,104,0,1,23036282.389319,
1,1562423263,0.002000,93,132,0,1,39962829.430909,
22,1562423263,0.202000,8,184,0,1,21391380.686976,10,172,0,1,21320710.899875,20,180,0,1,22110528.660133,55,128,0,1,21276658.916342,18,160,0,1,22599185.432277,27,176,0,1,21644532.985050,56,152,0,1,19794968.210144,40,140,0,1,20719522.928506,11,156,0,1,23911657.490992,15,80,0,1,25055230.916430,74,164,0,12,25168530.039174,68,172,0,12,23944137.326293,64,160,0,12,25830981.521987,33,160,0,1,20792827.476971,49,164,0,1,21922989.922907,86,152,0,12,26771521.978128,47,176,0,1,22854487.057245,80,124,0,12,27604843.096311,39,112,0,1,23884273.885643,32,140,0,1,24877250.142828,21,108,0,1,25236392.794925,48,104,3,1,23036233.773013,
1,1562423263,0.202000,93,132,0,1,39962826.324770,
22,1562423263,0.402000,8,184,0,1,21391351.300809,10,172,0,1,21320719.939088,20,180,0,1,22110611.094962,55,128,0,1,21276768.154705,18,160,0,1,22599059.825610,27,176,0,1,21644608.090787,56,152,0,1,19794952.539849,40,140,0,1,20719564.809029,11,156,0,1,23911516.039527,15,80,0,1,25055331.394784,74,164,0,12,25168447.639246,68,172,0,12,23944164.443931,64,160,0,12,25830900.552977,33,160,0,1,20792727.766427,49,164,0,1,21922857.685157,86,152,0,12,26771586.125128,47,176,0,1,22854574.447936,80,124,0,12,27604801.215788,39,112,0,1,23884422.561499,32,140,0,1,24877114.345234,21,112,0,1,25236501.963487,48,104,2,1,23036185.086905,
1,1562423263,0.402000,93,132,0,1,39962823.079030,
22,1562423263,0.602000,8,184,0,1,21391321.879742,10,172,0,1,21320728.978300,20,180,0,1,22110693.320388,55,128,0,1,21276877.323267,18,160,0,1,22598934.184042,27,176,0,1,21644683.091823,56,152,0,1,19794936.869553,40,140,0,1,20719606.480149,11,152,0,1,23911374.483361,15,80,0,1,25055430.616722,74,164,0,12,25168364.820513,68,172,0,12,23944191.421968,64,160,0,12,25830819.444365,33,160,0,1,20792627.916281,49,164,0,1,21922725.552108,86,152,0,12,26771650.202328,47,176,0,1,22854661.873526,80,124,0,12,27604761.359491,39,116,0,1,23884575.425406,32,140,0,1,24876978.547639,21,112,0,1,25236611.306551,48,108,2,1,23036138.425023,
1,1562423263,0.602000,93,132,0,1,39962819.903090,
22,1562423263,0.802000,8,184,0,1,21391292.563376,10,172,0,1,21320737.912812,20,180,0,1,22110775.615615,55,128,0,1,21276986.596531,18,160,0,1,22598808.612275,27,176,0,1,21644758.441863,56,152,0,1,19794921.059656,40,140,0,1,20719648.290871,11,152,0,1,23911233.206398,15,84,0,1,25055531.827985,74,164,0,12,25168282.176282,68,172,0,12,23944218.504705,64,160,0,12,25830738.335753,33,160,0,1,20792528.135936,49,164,0,1,21922593.384159,86,152,0,12,26771714.663432,47,176,0,1,22854749.229316,80,124,0,12,27604729.879298,39,116,0,1,23884723.752257,32,140,0,1,24876842.819846,21,112,0,1,25236720.544914,48,104,2,1,23036090.751028,
1,1562423263,0.802000,93,132,0,1,39962816.692250,
22,1562423264,0.002000,8,184,0,1,21391263.142309,10,168,0,1,21320746.986925,20,180,0,1,22110857.945742,55,128,0,1,21277095.695292,18,160,0,1,22598682.970707,27,176,0,1,21644833.722102,56,152,0,1,19794905.389361,40,140,0,1,20719690.031792,11,156,0,1,23911091.929435,15,84,0,1,25055631.992234,74,164,0,12,25168199.252847,68,172,0,12,23944245.378041,64,160,0,12,25830657.296941,33,160,0,1,20792428.390491,49,164,0,1,21922461.041708,86,152,0,12,26771778.845333,47,176,0,1,22854836.585106,80,124,0,12,27604690.651209,39,112,0,1,23884872.079108,32,140,0,1,24876707.092052,21,112,0,1,25236828.526862,48,104,2,1,23036042.344124,
1,1562423264,0.002000,93,132,0,1,39962813.481410,
22,1562423264,0.202000,8,184,0,1,21391233.825943,10,168,0,1,21320756.165740,20,180,0,1,22110940.275870,55,128,0,1,21277204.968556,18,160,0,1,22598557.468741,27,176,0,1,21644908.967441,56,152,0,1,19794889.684165,40,140,0,1,20719731.842513,11,156,0,1,23910950.547771,15,84,0,1,25055732.400787,74,164,0,12,25168116.678417,68,172,0,12,23944272.286277,64,160,0,12,25830576.258130,33,160,0,1,20792328.679947,49,164,0,1,21922328.838858,86,152,0,12,26771842.957433,47,176,0,1,22854924.010697,80,124,0,12,27604655.052765,39,112,0,1,23885021.627474,32,140,0,1,24876571.364258,21,112,0,1,25236937.416221,48,104,2,1,23035994.216423,
1,1562423264,0.202000,93,132,0,1,39962810.165869,
22,1562423264,0.402000,8,184,0,1,21391204.404876,10,168,0,1,21320765.170052,20,180,0,1,22111022.466395,55,128,0,1,21277314.102217,18,160,0,1,22598431.862074,27,176,0,1,21644984.142979,56,152,0,1,19794874.013869,40,140,0,1,20719773.757936,11,156,0,1,23910809.235908,15,80,0,1,25055832.495236,74,164,0,12,25168033.859683,68,172,0,12,23944299.403915,64,160,0,12,25830495.254219,33,160,0,1,20792229.074104,49,164,0,1,21922196.566208,86,152,0,12,26771907.174234,47,176,0,1,22855011.401388,80,124,0,12,27604610.415108,39,108,0,1,23885172.397355,32,144,0,1,24876435.601564,21,112,0,1,25237046.514982,48,104,2,1,23035945.076610,
1,1562423264,0.402000,93,132,0,1,39962807.024830,
22,1562423264,0.602000,8,184,0,1,21391175.123411,10,168,0,1,21320774.244165,20,180,0,1,22111104.726721,55,124,0,1,21277423.270780,18,160,0,1,22598306.325208,27,176,0,1,21645059.562820,56,152,0,1,19794858.238872,40,140,0,1,20719815.603558,11,156,0,1,23910667.819343,15,76,0,1,25055932.938690,74,164,0,12,25167951.285253,68,172,0,12,23944326.521553,64,164,0,12,25830414.285209,33,160,0,1,20792129.398460,49,164,0,1,21922064.328458,86,152,0,12,26771971.286334,47,176,0,1,22855098.861879,80,124,0,12,27604571.291720,39,108,0,1,23885322.085323,32,144,0,1,24876299.838870,21,112,0,1,25237156.032548,48,104,2,1,23035896.320702,
1,1562423264,0.602000,93,132,0,1,39962804.058293,
22,1562423264,0.802000,8,184,0,1,21391145.737244,10,168,0,1,21320783.283378,20,180,0,1,22111187.161550,55,124,0,1,21277532.369541,18,160,0,1,22598180.893042,27,176,0,1,21645134.912861,56,152,0,1,19794842.673278,40,140,0,1,20719857.588782,11,156,0,1,23910526.437679,15,76,0,1,25056033.521745,74,164,0,12,25167868.431619,68,172,0,12,23944353.604291,64,164,0,12,25830333.246398,33,160,0,1,20792029.653016,49,164,0,1,21921932.125608,86,152,0,12,26772035.363534,47,176,0,1,22855186.287470,80,124,0,12,27604526.235257,39,108,0,1,23885470.412173,32,144,0,1,24876164.250679,21,112,0,1,25237265.829318,48,104,2,1,23035847.111088,
1,1562423264,0.802000,93,132,0,1,39962800.987054,
22,1562423265,0.002000,8,184,0,1,21391116.455779,10,168,0,1,21320792.462192,20,180,0,1,22111269.491677,55,124,0,1,21277641.642804,18,160,0,1,22598055.216574,27,176,0,1,21645210.193100,56,152,0,1,19794826.933182,40,140,0,1,20719899.294803,11,156,0,1,23910385.125816,15,76,0,1,25056134.069899,74,164,0,12,25167785.787388,68,172,0,12,23944380.617228,64,164,0,12,25830252.033085,33,160,0,1,20791930.012272,49,164,0,1,21921799.957659,86,152,0,12,26772099.580335,47,176,0,1,22855273.643260,80,124,0,12,27604486.553462,39,108,0,1,23885617.587310,32,144,0,1,24876028.522885,21,112,0,1,25237374.753578,48,104,2,1,23035798.739084,
1,1562423265,0.002000,93,128,0,1,39962797.671513,
22,1562423265,0.202000,8,184,0,1,21391087.244114,10,168,0,1,21320801.606107,20,180,0,1,22111351.542601,55,124,0,1,21277750.846267,18,160,0,1,22597929.714608,27,176,0,1,21645285.508240,56,152,0,1,19794811.297786,40,140,0,1,20719941.035723,11,156,0,1,23910243.883753,15,76,0,1,25056235.071760,74,164,0,12,25167703.317659,68,172,0,12,23944407.630165,64,164,0,12,25830171.029174,33,160,0,1,20791830.511131,49,164,0,1,21921667.685009,86,152,0,12,26772163.901838,47,176,0,1,22855361.068851,80,124,0,12,27604445.405849,39,108,0,1,23885767.484680,32,144,0,1,24875892.899793,21,112,0,1,25237485.283257,48,104,2,1,23035750.681185,
1,1562423265,0.202000,93,128,0,1,39962794.286171,
22,1562423265,0.402000,8,184,0,1,21391057.997549,10,168,0,1,21320810.610419,20,180,0,1,22111433.907629,55,124,0,1,21277860.049730,18,160,0,1,22597804.212642,27,176,0,1,21645360.858280,56,152,0,1,19794795.557690,40,140,0,1,20719982.916246,11,156,0,1,23910102.432288,15,76,0,1,25056335.829317,74,164,0,12,25167620.638527,68,172,0,12,23944434.817605,64,160,0,12,25830090.095064,33,160,0,1,20791730.800587,49,164,0,1,21921535.377458,86,152,0,12,26772228.188440,47,176,0,1,22855448.494442,80,124,0,12,27604409.318798,39,108,0,1,23885916.335037,32,144,0,1,24875757.276700,21,112,0,1,25237595.603533,48,104,2,1,23035701.960177,
1,1562423265,0.402000,93,128,0,1,39962791.110231,
22,1562423265,0.602000,8,184,0,1,21391028.541582,10,168,0,1,21320819.824134,20,180,0,1,22111516.307557,55,124,0,1,21277969.322993,18,160,0,1,22597678.780477,27,176,0,1,21645436.138519,56,152,0,1,19794779.992096,40,140,0,1,20720024.831669,11,156,0,1,23909961.190226,15,76,0,1,25056435.400259,74,164,0,12,25167538.203699,68,172,0,12,23944461.656039,64,164,0,12,25830009.021352,33,156,0,1,20791631.124943,49,164,0,1,21921403.209509,86,152,0,12,26772292.579743,47,176,0,1,22855535.954933,80,124,0,12,27604372.010233,39,104,0,1,23886067.314321,32,148,0,1,24875621.583807,21,112,0,1,25237705.400303,48,104,2,1,23035652.506260,
1,1562423265,0.602000,93,128,0,1,39962787.969192,
22,1562423265,0.802000,8,184,0,1,21390999.295017,10,168,0,1,21320828.968048,20,180,0,1,22111598.812187,55,124,0,1,21278078.666057,18,160,0,1,22597553.313412,27,176,0,1,21645511.523460,56,152,0,1,19794764.391601,40,140,0,1,20720066.781993,11,156,0,1,23909819.913263,15,72,0,1,25056538.426345,74,164,0,12,25167455.838671,68,172,0,12,23944488.668977,64,164,0,12,25829928.017442,33,156,0,1,20791531.588901,49,164,0,1,21921271.146261,86,152,0,12,26772356.831445,47,176,0,1,22855623.450325,80,124,0,12,27604332.991546,39,104,0,1,23886218.084203,32,148,0,1,24875486.170118,21,116,0,1,25237818.163610,48,100,2,1,23035602.877840,
1,1562423265,0.802000,93,128,0,1,39962784.793252,
22,1562423266,0.002000,8,184,0,1,21390969.804149,10,168,0,1,21320838.111962,20,180,0,1,22111681.247015,55,124,0,1,21278188.009122,18,160,0,1,22597427.776545,27,176,0,1,21645586.838600,56,152,0,1,19794748.721306,40,140,0,1,20720108.697416,11,156,0,1,23909678.461798,15,72,0,1,25056640.300716,74,164,0,12,25167373.194440,68,172,0,12,23944515.751714,64,164,0,12,25829846.873929,33,156,0,1,20791431.948158,49,164,0,1,21921138.943411,86,152,0,12,26772421.292549,47,176,0,1,22855711.015517,80,124,0,12,27604290.133811,39,104,0,1,23886367.876872,32,148,0,1,24875350.512125,21,116,0,1,25237927.157670,48,100,2,1,23035553.214521,
1,1562423266,0.002000,93,128,0,1,39962781.617312,
22,1562423266,0.202000,8,184,0,1,21390940.487783,10,168,0,1,21320847.151175,20,180,0,1,22111763.856346,55,124,0,1,21278297.491788,18,160,0,1,22597302.169878,27,176,0,1,21645662.049038,56,152,0,1,19794733.085911,40,140,0,1,20720150.647739,11,156,0,1,23909537.219736,15,72,0,1,25056741.267676,74,164,0,12,25167290.689810,68,172,0,12,23944542.904253,64,164,0,12,25829765.835118,33,156,0,1,20791332.342315,49,164,0,1,21921006.775462,86,152,0,12,26772485.683853,47,176,0,1,22855798.615610,80,120,0,12,27604253.488354,39,104,0,1,23886520.740779,32,148,0,1,24875215.028634,21,116,0,1,25238035.174518,48,100,2,1,23035504.319011,
1,1562423266,0.202000,93,132,0,1,39962778.371572,
22,1562423266,0.402000,8,184,0,1,21390911.276118,10,168,0,1,21320856.364890,20,180,0,1,22111846.221374,55,124,0,1,21278406.869753,18,160,0,1,22597176.702812,27,176,0,1,21645737.538680,56,148,0,1,19794717.555217,40,140,0,1,20720192.563162,11,156,0,1,23909395.768271,15,72,0,1,25056840.943319,74,164,0,12,25167208.185181,68,172,0,12,23944569.917190,64,160,0,12,25829684.866108,33,156,0,1,20791232.736472,49,164,0,1,21920874.642413,86,152,0,12,26772549.830853,47,176,0,1,22855886.145903,80,120,0,12,27604214.748871,39,104,0,1,23886671.894565,32,148,0,1,24875079.440443,21,116,0,1,25238144.343080,48,100,0,1,23035454.585890,
1,1562423266,0.402000,93,132,0,1,39962775.125831,
22,1562423266,0.602000,8,184,0,1,21390881.924852,10,168,0,1,21320865.578605,20,180,0,1,22111928.551501,55,124,0,1,21278516.177917,18,160,0,1,22597051.165946,27,176,0,1,21645812.853820,56,148,0,1,19794701.989623,40,140,0,1,20720234.583286,11,156,0,1,23909254.386607,15,72,0,1,25056942.224383,74,164,0,12,25167125.610750,68,172,0,12,23944597.244231,64,160,0,12,25829603.931998,33,156,0,1,20791133.060828,49,164,0,1,21920742.439564,86,152,0,12,26772614.047654,47,176,0,1,22855973.641294,80,120,0,12,27604173.461656,39,104,0,1,23886821.373130,32,148,0,1,24874943.747549,21,116,0,1,25238254.558656,48,100,0,1,23035405.585679,
1,1562423266,0.602000,93,132,0,1,39962772.089494,
22,1562423266,0.802000,8,184,0,1,21390852.678287,10,168,0,1,21320874.757419,20,180,0,1,22112010.986330,55,124,0,1,21278625.486081,18,160,0,1,22596925.733781,27,176,0,1,21645888.203860,56,148,0,1,19794686.528730,40,140,0,1,20720276.533610,11,156,0,1,23909113.109644,15,72,0,1,25057043.645049,74,164,0,12,25167042.896718,68,172,0,12,23944624.326969,64,164,0,12,25829523.172390,33,156,0,1,20791033.420085,49,164,0,1,21920610.271614,86,152,0,12,26772678.438958,47,176,0,1,22856061.031985,80,120,0,12,27604134.757073,39,104,0,1,23886972.038310,32,148,0,1,24874808.264059,21,116,0,1,25238364.495027,48,96,0,1,23035355.887459,
1,1562423266,0.802000,93,132,0,1,39962768.878654,
22,1562423267,0.002000,8,184,0,1,21390823.501523,10,168,0,1,21320883.936234,20,180,0,1,22112093.351357,55,124,0,1,21278734.864045,18,160,0,1,22596800.406317,27,176,0,1,21645963.484099,56,148,0,1,19794670.963135,40,140,0,1,20720318.379232,11,156,0,1,23908971.623278,15,68,0,1,25057144.263004,74,160,0,12,25166960.531691,68,172,0,12,23944651.305006,64,164,0,12,25829442.063778,33,156,0,1,20790933.709541,49,164,0,1,21920478.103665,86,152,0,12,26772742.760460,47,176,0,1,22856148.387775,80,120,0,12,27604095.005477,39,104,0,1,23887121.970581,32,148,0,1,24874672.466464,21,116,0,1,25238478.654352,48,100,0,1,23035306.398641,
1,1562423267,0.002000,93,132,0,1,39962765.772515,
22,1562423267,0.202000,8,184,0,1,21390794.080456,10,168,0,1,21320893.149949,20,180,0,1,22112175.751285,55,124,0,1,21278844.172209,18,160,0,1,22596674.939251,27,176,0,1,21646038.589837,56,152,0,1,19794655.397541,40,140,0,1,20720360.259754,11,156,0,1,23908830.171813,15,68,0,1,25057245.683670,74,160,0,12,25166877.887459,68,172,0,12,23944678.422644,64,164,0,12,25829361.024967,33,156,0,1,20790834.173499,49,168,0,1,21920345.796114,86,152,0,12,26772807.186664,47,176,0,1,22856235.813366,80,120,0,12,27604059.407032,39,104,0,1,23887270.960540,32,148,0,1,24874536.913173,21,116,0,1,25238589.044429,48,100,0,1,23035257.293728,
1,1562423267,0.202000,93,132,0,1,39962762.596575,
22,1562423267,0.402000,8,184,0,1,21390764.764090,10,168,0,1,21320902.293863,20,180,0,1,22112257.941811,55,128,0,1,21278953.550174,18,160,0,1,22596549.297684,27,172,0,1,21646113.904976,56,148,0,1,19794639.657445,40,140,0,1,20720402.140277,11,156,0,1,23908688.650547,15,72,0,1,25057347.558041,74,160,0,12,25166795.278129,68,172,0,12,23944705.435581,64,164,0,12,25829280.090857,33,156,0,1,20790734.288452,49,168,0,1,21920213.558364,86,152,0,12,26772871.543067,47,176,0,1,22856323.273857,80,120,0,12,27604021.051454,39,108,0,1,23887421.276716,32,148,0,1,24874401.359882,21,116,0,1,25238700.446619,48,100,0,1,23035208.607621,
1,1562423267,0.402000,93,132,0,1,39962759.455536,
22,1562423267,0.602000,8,184,0,1,21390735.587326,10,168,0,1,21320911.367976,20,180,0,1,22112340.376640,55,124,0,1,21279062.718736,18,160,0,1,22596423.725917,27,172,0,1,21646189.045614,56,148,0,1,19794623.987149,40,140,0,1,20720444.055700,11,156,0,1,23908547.373585,15,72,0,1,25057448.769304,74,160,0,12,25166712.389594,68,172,0,12,23944732.553220,64,164,0,12,25829199.086946,33,156,0,1,20790634.543008,49,168,0,1,21920081.320614,86,152,0,12,26772936.213574,47,176,0,1,22856410.629647,80,120,0,12,27603981.718663,39,108,0,1,23887573.233212,32,148,0,1,24874265.666988,21,116,0,1,25238804.589519,48,100,0,1,23035159.467808,
1,1562423267,0.602000,93,132,0,1,39962756.244696,
22,1562423267,0.802000,8,184,0,1,21390706.166259,10,168,0,1,21320920.686392,20,180,0,1,22112422.846369,55,124,0,1,21279171.887298,18,160,0,1,22596298.223951,27,172,0,1,21646264.290953,56,148,0,1,19794608.386655,40,140,0,1,20720486.006024,11,156,0,1,23908406.061721,15,72,0,1,25057549.038255,74,160,0,12,25166629.675562,68,172,0,12,23944759.635958,64,164,0,12,25829118.397139,33,156,0,1,20790535.006966,49,168,0,1,21919949.117765,86,152,0,12,26773000.535077,47,176,0,1,22856498.194840,80,120,0,12,27603946.294721,39,108,0,1,23887725.573613,32,144,0,1,24874129.904294,21,116,0,1,25238918.399839,48,100,0,1,23035110.816601,
1,1562423267,0.802000,93,132,0,1,39962753.278159,
22,1562423268,0.002000,8,184,0,1,21390676.745192,10,168,0,1,21320929.795406,20,180,0,1,22112505.141596,55,124,0,1,21279281.160562,18,160,0,1,22596172.617284,27,172,0,1,21646339.501391,56,148,0,1,19794592.751260,40,140,0,1,20720527.746944,11,156,0,1,23908264.784759,15,68,0,1,25057649.586410,74,160,0,12,25166547.170933,68,172,0,12,23944786.439492,64,164,0,12,25829037.183826,33,156,0,1,20790435.436023,49,168,0,1,21919816.914915,86,152,0,12,26773064.786779,47,176,0,1,22856585.725132,80,120,0,12,27603906.298822,39,108,0,1,23887877.076403,32,144,0,1,24873994.141600,21,116,0,1,25239029.767128,48,100,0,1,23035061.641887,
2,1562423268,0.002000,28,72,0,1,25366253.615897,93,136,0,1,39962750.241821,
22,1562423268,0.202000,8,184,0,1,21390647.393926,10,168,0,1,21320938.939320,20,180,0,1,22112587.471723,55,124,0,1,21279390.538527,18,160,0,1,22596047.220019,27,172,0,1,21646414.851431,56,148,0,1,19794577.046064,40,140,0,1,20720569.732168,11,156,0,1,23908123.472895,15,68,0,1,25057750.204365,74,160,0,12,25166464.771005,68,172,0,12,23944813.487330,64,164,0,12,25828955.865811,33,156,0,1,20790335.899981,49,168,0,1,21919684.677165,86,152,0,12,26773129.108281,47,176,0,1,22856673.325225,80,120,0,12,27603869.618464,39,104,0,1,23888025.438154,32,148,0,1,24873858.413807,21,116,0,1,25239140.122305,48,96,0,1,23035012.292671,
2,1562423268,0.202000,28,72,0,1,25366150.903916,93,136,0,1,39962747.030981,
22,1562423268,0.402000,8,180,0,1,21390618.042659,10,168,0,1,21320948.118135,20,180,0,1,22112669.871651,55,124,0,1,21279499.846691,18,160,0,1,22595921.718053,27,172,0,1,21646490.201472,56,148,0,1,19794561.445569,40,140,0,1,20720611.612691,11,156,0,1,23907982.056331,15,72,0,1,25057851.764632,74,160,0,12,25166382.196574,68,172,0,12,23944840.255964,64,164,0,12,25828874.827000,33,156,0,1,20790236.224338,49,168,0,1,21919552.369614,86,152,0,12,26773193.429784,47,176,0,1,22856760.820617,80,120,0,12,27603826.097621,39,104,0,1,23888176.382538,32,148,0,1,24873722.686013,21,116,0,1,25239250.093578,48,96,0,1,23034962.873655,
2,1562423268,0.402000,28,76,0,1,25366053.008194,93,136,0,1,39962743.680539,
22,1562423268,0.602000,8,180,0,1,21390588.691393,10,168,0,1,21320957.436551,20,180,0,1,22112752.446081,55,124,0,1,21279610.655573,18,160,0,1,22595796.250987,27,176,0,1,21646565.446811,56,148,0,1,19794545.775273,40,140,0,1,20720653.423413,11,156,0,1,23907840.814268,15,72,0,1,25057952.242986,74,160,0,12,25166299.726845,68,172,0,12,23944867.129299,64,164,0,12,25828793.857990,33,156,0,1,20790136.548694,49,168,0,1,21919420.096964,86,152,0,12,26773257.855988,47,176,0,1,22856848.176407,80,120,0,12,27603787.218536,39,104,0,1,23888323.836878,32,148,0,1,24873586.923319,21,116,0,1,25239359.471542,48,96,0,1,23034913.838543,
2,1562423268,0.602000,28,72,0,1,25365950.959321,93,136,0,1,39962740.539500,
22,1562423268,0.802000,8,180,0,1,21390559.375027,10,168,0,1,21320966.545565,20,180,0,1,22112834.776209,55,124,0,1,21279714.658871,18,160,0,1,22595670.783922,27,176,0,1,21646640.761950,56,148,0,1,19794530.139878,40,140,0,1,20720695.478437,11,156,0,1,23907699.502405,15,72,0,1,25058053.628751,74,160,0,12,25166217.047714,68,172,0,12,23944894.316738,64,164,0,12,25828713.028581,33,156,0,1,20790036.942851,49,168,0,1,21919287.963915,86,152,0,12,26773322.107689,47,176,0,1,22856935.497296,80,124,0,12,27603746.943434,39,104,0,1,23888472.896638,32,148,0,1,24873451.195526,21,116,0,1,25239465.813169,48,92,0,1,23034864.803431,
2,1562423268,0.802000,28,76,0,1,25365849.468855,93,136,0,1,39962737.258859,
22,1562423269,0.002000,8,180,0,1,21390530.337865,10,168,0,1,21320975.724379,20,180,0,1,22112917.141236,55,128,0,1,21279823.164325,18,160,0,1,22595545.351757,27,176,0,1,21646716.111990,56,148,0,1,19794514.574284,40,140,0,1,20720737.219358,11,156,0,1,23907558.190542,15,76,0,1,25058154.142005,74,160,0,12,25166134.368582,68,172,0,12,23944921.818281,64,164,0,12,25828631.675666,33,156,0,1,20789937.337008,49,168,0,1,21919155.795966,86,152,0,12,26773386.080188,47,176,0,1,22857022.853086,80,124,0,12,27603712.077898,39,104,0,1,23888622.724207,32,148,0,1,24873315.432832,21,116,0,1,25239572.538701,48,92,0,1,23034816.222025,
2,1562423269,0.002000,28,72,0,1,25365747.489782,93,136,0,1,39962734.048019,
22,1562423269,0.202000,8,180,0,1,21390501.161101,10,168,0,1,21320984.903194,20,180,0,1,22112999.576065,55,128,0,1,21279929.540852,18,164,0,1,22595420.094094,27,176,0,1,21646791.462031,56,148,0,1,19794498.938889,40,140,0,1,20720779.064980,11,156,0,1,23907416.669276,15,76,0,1,25058254.550558,74,160,0,12,25166052.003554,68,172,0,12,23944949.250024,64,164,0,12,25828550.706656,33,156,0,1,20789837.835867,49,168,0,1,21919023.732718,86,152,0,12,26773450.262088,47,176,0,1,22857110.278677,80,124,0,12,27603672.570606,39,104,0,1,23888773.284686,32,148,0,1,24873179.774839,21,116,0,1,25239681.881765,48,96,0,1,23034767.605718,
2,1562423269,0.202000,28,72,0,1,25365648.616848,93,136,0,1,39962730.732478,
22,1562423269,0.402000,8,180,0,1,21390471.774934,10,168,0,1,21320994.151809,20,180,0,1,22113081.941093,55,128,0,1,21280037.069094,18,164,0,1,22595294.487427,27,176,0,1,21646866.812071,56,148,0,1,19794483.373295,40,140,0,1,20720820.980403,11,156,0,1,23907275.252711,15,80,0,1,25058354.889310,74,160,0,12,25165969.394223,68,172,0,12,23944976.228060,64,164,0,12,25828469.737646,33,156,0,1,20789738.055522,49,168,0,1,21918891.460068,86,152,0,12,26773514.409089,47,176,0,1,22857197.774069,80,124,0,12,27603634.110326,39,104,0,1,23888922.763251,32,148,0,1,24873044.081946,21,116,0,1,25239793.388657,48,96,0,1,23034720.420329,
2,1562423269,0.402000,28,72,0,1,25365545.555862,93,136,0,1,39962727.451837,
22,1562423269,0.602000,8,180,0,1,21390442.423668,10,168,0,1,21321003.365524,20,180,0,1,22113164.445722,55,128,0,1,21280145.085942,18,164,0,1,22595169.194863,27,176,0,1,21646942.127211,56,148,0,1,19794467.668099,40,144,0,1,20720863.105229,11,156,0,1,23907133.766346,15,80,0,1,25058455.716668,74,160,0,12,25165886.889594,68,172,0,12,23945003.380599,64,164,0,12,25828388.663934,33,156,0,1,20789638.484579,49,168,0,1,21918759.187417,86,152,0,12,26773578.625890,47,176,0,1,22857285.199660,80,124,0,12,27603596.278254,39,104,0,1,23889072.276717,32,148,0,1,24872908.389053,21,116,0,1,25239900.707496,48,96,0,1,23034672.257728,
2,1562423269,0.602000,28,72,0,1,25365445.915119,93,136,0,1,39962724.240997,
22,1562423269,0.802000,8,180,0,1,21390413.351605,10,168,0,1,21321012.683940,20,180,0,1,22113246.810750,55,128,0,1,21280252.683984,18,164,0,1,22595043.902300,27,176,0,1,21647017.581952,56,148,0,1,19794452.032704,40,144,0,1,20720905.090453,11,156,0,1,23906992.384682,15,84,0,1,25058555.915818,74,160,0,12,25165804.350064,68,172,0,12,23945030.637839,64,164,0,12,25828307.660023,33,156,0,1,20789538.983438,49,168,0,1,21918627.054368,86,152,0,12,26773642.877592,47,176,0,1,22857372.764852,80,124,0,12,27603556.142753,39,104,0,1,23889223.116399,32,148,0,1,24872772.696160,21,116,0,1,25240009.771357,48,96,0,1,23034623.501820,
2,1562423269,0.802000,28,72,0,1,25365348.682506,93,136,0,1,39962720.960356,
22,1562423270,0.002000,8,180,0,1,21390384.139941,10,168,0,1,21321021.967456,20,180,0,1,22113329.350280,55,128,0,1,21280364.051274,18,164,0,1,22594918.574836,27,176,0,1,21647093.036694,56,148,0,1,19794436.571811,40,144,0,1,20720947.040776,11,156,0,1,23906851.142619,15,84,0,1,25058656.289471,74,160,0,12,25165721.705833,68,172,0,12,23945057.615876,64,164,0,12,25828226.656112,33,156,0,1,20789439.447396,49,168,0,1,21918494.781718,86,152,0,12,26773707.199094,47,176,0,1,22857460.225344,80,124,0,12,27603515.379044,39,104,0,1,23889373.432574,32,148,0,1,24872637.038167,21,116,0,1,25240116.810992,48,96,0,1,23034574.920414,
2,1562423270,0.002000,28,68,0,1,25365244.051000,93,136,0,1,39962717.854217,
22,1562423270,0.202000,8,180,0,1,21390354.823575,10,168,0,1,21321031.355673,20,180,0,1,22113411.785108,55,128,0,1,21280474.092347,18,164,0,1,22594793.177571,27,176,0,1,21647168.282033,56,148,0,1,19794421.110918,40,144,0,1,20720989.130701,11,156,0,1,23906710.075059,15,84,0,1,25058757.954439,74,160,0,12,25165639.131402,68,172,0,12,23945084.593912,64,164,0,12,25828146.036106,33,156,0,1,20789339.911354,49,168,0,1,21918362.578868,86,152,0,12,26773771.485697,47,176,0,1,22857547.860337,80,124,0,12,27603474.266331,39,104,0,1,23889524.342057,32,148,0,1,24872501.554676,21,116,0,1,25240227.026568,48,96,0,1,23034526.792713,
2,1562423270,0.202000,28,68,0,1,25365138.023477,93,136,0,1,39962714.782979,
22,1562423270,0.402000,8,180,0,1,21390325.577010,10,168,0,1,21321040.639189,20,180,0,1,22113494.359539,55,128,0,1,21280584.656927,18,164,0,1,22594667.850107,27,176,0,1,21647243.736774,56,148,0,1,19794405.510423,40,144,0,1,20721031.081025,11,156,0,1,23906568.693395,15,88,0,1,25058859.549607,74,160,0,12,25165556.487171,68,172,0,12,23945111.641750,64,164,0,12,25828065.101997,33,156,0,1,20789240.480013,49,168,0,1,21918230.376019,86,156,0,12,26773835.946801,47,176,0,1,22857635.495331,80,124,0,12,27603432.839514,39,104,0,1,23889674.239428,32,148,0,1,24872365.826883,21,116,0,1,25240336.020628,48,92,0,1,23034476.885091,
2,1562423270,0.402000,28,68,0,1,25365038.696838,93,136,0,1,39962711.746641,
22,1562423270,0.602000,8,180,0,1,21390296.365346,10,168,0,1,21321049.922705,20,180,0,1,22113576.724566,55,128,0,1,21280692.638874,18,164,0,1,22594542.348141,27,176,0,1,21647319.156615,56,148,0,1,19794389.840128,40,144,0,1,20721073.205850,11,156,0,1,23906427.416432,15,88,0,1,25058962.017286,74,160,0,12,25165473.912741,68,172,0,12,23945138.724488,64,164,0,12,25827984.377289,33,156,0,1,20789140.978872,49,168,0,1,21918098.208070,86,156,0,12,26773900.338104,47,176,0,1,22857723.095424,80,120,0,12,27603397.799477,39,100,0,1,23889824.346201,32,152,0,1,24872230.238691,21,116,0,1,25240447.108714,48,92,0,1,23034427.117070,
2,1562423270,0.602000,28,68,0,1,25364940.242709,93,136,0,1,39962708.466000,
22,1562423270,0.802000,8,180,0,1,21390267.188582,10,168,0,1,21321059.276022,20,180,0,1,22113659.333897,55,128,0,1,21280802.854449,18,164,0,1,22594417.055578,27,176,0,1,21647394.436854,56,148,0,1,19794374.239633,40,144,0,1,20721115.295776,11,156,0,1,23906286.069669,15,92,0,1,25059065.008471,74,160,0,12,25165391.477912,68,172,0,12,23945166.016628,64,164,0,12,25827903.338478,33,156,0,1,20789041.652232,49,168,0,1,21917966.040120,86,156,0,12,26773964.729408,47,176,0,1,22857810.695517,80,120,0,12,27603358.710989,39,100,0,1,23889973.685164,32,152,0,1,24872094.755200,21,116,0,1,25240559.557917,48,92,0,1,23034377.314148,
2,1562423270,0.802000,28,68,0,1,25364841.404676,93,136,0,1,39962705.255160,
22,1562423271,0.002000,8,180,0,1,21390238.116519,10,168,0,1,21321068.489737,20,180,0,1,22113741.733825,55,128,0,1,21280913.349228,18,164,0,1,22594291.658313,27,176,0,1,21647469.856696,56,148,0,1,19794358.604238,40,144,0,1,20721157.455502,11,156,0,1,23906144.688004,15,92,0,1,25059167.057344,74,160,0,12,25165308.903482,68,172,0,12,23945193.378570,64,164,0,12,25827822.334567,33,156,0,1,20788942.116190,49,168,0,1,21917833.976873,86,156,0,12,26774029.120711,47,176,0,1,22857898.156008,80,120,0,12,27603318.819792,39,100,0,1,23890122.849625,32,152,0,1,24871958.992506,21,116,0,1,25240669.145284,48,92,0,1,23034327.825331,
2,1562423271,0.002000,28,68,0,1,25364741.694132,93,136,0,1,39962702.044320,
22,1562423271,0.202000,8,180,0,1,21390209.009556,10,168,0,1,21321077.738352,20,180,0,1,22113824.273355,55,128,0,1,21281024.611816,18,164,0,1,22594166.470451,27,176,0,1,21647545.241636,56,148,0,1,19794343.282947,40,144,0,1,20721199.580327,11,156,0,1,23906003.550643,15,92,0,1,25059269.350521,74,160,0,12,25165226.468653,68,172,0,12,23945220.496208,64,164,0,12,25827741.505159,33,156,0,1,20788842.649949,49,168,0,1,21917701.774023,86,152,0,12,26774093.372413,47,176,0,1,22857985.756101,80,120,0,12,27603276.974169,39,100,0,1,23890273.794009,32,152,0,1,24871823.543916,21,116,0,1,25240779.500461,48,92,0,1,23034278.057310,
2,1562423271,0.202000,28,68,0,1,25364643.868211,93,136,0,1,39962698.903280,
22,1562423271,0.402000,8,180,0,1,21390179.728090,10,168,0,1,21321087.021868,20,180,0,1,22113906.812885,55,128,0,1,21281138.491937,18,164,0,1,22594041.038286,27,176,0,1,21647620.940681,56,148,0,1,19794327.682452,40,144,0,1,20721241.740053,11,156,0,1,23905862.168979,15,92,0,1,25059371.748398,74,160,0,12,25165143.754621,68,172,0,12,23945247.648747,64,164,0,12,25827660.361646,33,156,0,1,20788743.113907,49,168,0,1,21917569.710775,86,156,0,12,26774157.728816,47,176,0,1,22858073.356194,80,120,0,12,27603242.318037,39,100,0,1,23890423.447076,32,152,0,1,24871688.025525,21,116,0,1,25240888.389820,48,88,0,1,23034228.777895,
2,1562423271,0.402000,28,68,0,1,25364540.807225,93,136,0,1,39962695.692440,
22,1562423271,0.602000,8,180,0,1,21390150.656028,10,168,0,1,21321096.479886,20,180,0,1,22113989.212813,55,128,0,1,21281247.660499,18,164,0,1,22593915.606121,27,176,0,1,21647696.465223,56,148,0,1,19794312.081957,40,144,0,1,20721283.655476,11,156,0,1,23905720.857116,15,92,0,1,25059473.448267,74,160,0,12,25165061.075490,68,172,0,12,23945274.731485,64,164,0,12,25827579.671840,33,156,0,1,20788643.542965,49,168,0,1,21917437.577726,86,156,0,12,26774221.945617,47,176,0,1,22858161.026088,80,120,0,12,27603202.391939,39,100,0,1,23890573.553849,32,152,0,1,24871552.437333,21,116,0,1,25240998.675196,48,88,0,1,23034180.370991,
2,1562423271,0.602000,28,68,0,1,25364438.723452,93,136,0,1,39962692.656102,
22,1562423271,0.802000,8,180,0,1,21390121.618865,10,168,0,1,21321105.798302,20,180,0,1,22114071.682542,55,132,0,1,21281356.480057,18,164,0,1,22593790.208856,27,176,0,1,21647771.885064,56,148,0,1,19794296.586164,40,144,0,1,20721325.640700,11,160,0,1,23905579.754655,15,92,0,1,25059573.752119,74,160,0,12,25164978.501059,68,172,0,12,23945301.884024,64,164,0,12,25827498.633028,33,156,0,1,20788543.902221,49,168,0,1,21917305.444678,86,156,0,12,26774286.232219,47,176,0,1,22858248.695982,80,120,0,12,27603172.552066,39,100,0,1,23890724.044527,32,152,0,1,24871416.744440,21,116,0,1,25241111.229100,48,88,0,1,23034132.243290,
2,1562423271,0.802000,28,68,0,1,25364338.489401,93,136,0,1,39962689.584864,
22,1562423272,0.002000,8,180,0,1,21390092.616603,10,168,0,1,21321115.046918,20,180,0,1,22114154.012670,55,132,0,1,21281466.521130,18,164,0,1,22593664.741791,27,172,0,1,21647847.235104,56,148,0,1,19794280.985669,40,144,0,1,20721367.800426,11,160,0,1,23905438.547493,15,92,0,1,25059674.195572,74,160,0,12,25164895.996430,68,172,0,12,23945329.141264,64,164,0,12,25827417.733819,33,156,0,1,20788444.366179,49,168,0,1,21917173.276728,86,156,0,12,26774350.658423,47,176,0,1,22858336.226274,80,120,0,12,27603135.034098,39,100,0,1,23890873.837196,32,152,0,1,24871281.086448,21,112,0,1,25241218.722442,48,88,0,1,23034083.557183,
2,1562423272,0.002000,28,68,0,1,25364240.139974,93,136,0,1,39962686.339124,
22,1562423272,0.202000,8,180,0,1,21390063.684142,10,168,0,1,21321124.365334,20,180,0,1,22114236.552200,55,132,0,1,21281578.132723,18,164,0,1,22593539.344526,27,172,0,1,21647922.689846,56,148,0,1,19794265.454976,40,144,0,1,20721409.960152,11,160,0,1,23905297.270531,15,92,0,1,25059775.930342,74,160,0,12,25164813.177696,68,172,0,12,23945356.503205,64,164,0,12,25827336.834609,33,156,0,1,20788344.899938,49,168,0,1,21917041.178580,86,156,0,12,26774414.770523,47,176,0,1,22858423.931069,80,120,0,12,27603096.399316,39,100,0,1,23891024.223172,32,152,0,1,24871145.568057,21,112,0,1,25241326.180883,48,88,0,1,23034035.010677,
2,1562423272,0.202000,28,68,0,1,25364141.267040,93,136,0,1,39962683.058483,
22,1562423272,0.402000,8,180,0,1,21390034.646980,10,168,0,1,21321133.683750,20,180,0,1,22114318.847427,55,132,0,1,21281687.545588,18,164,0,1,22593413.947262,27,172,0,1,21647998.039886,56,148,0,1,19794249.854481,40,144,0,1,20721451.945376,11,156,0,1,23905155.923767,15,92,0,1,25059878.642323,74,160,0,12,25164730.707967,68,172,0,12,23945383.585943,64,164,0,12,25827255.900500,33,156,0,1,20788245.363896,49,168,0,1,21916908.975731,86,156,0,12,26774479.092026,47,176,0,1,22858511.356659,80,120,0,12,27603054.379192,39,100,0,1,23891174.958153,32,152,0,1,24871009.944964,21,112,0,1,25241436.675661,48,92,0,1,23033986.394370,
2,1562423272,0.402000,28,72,0,1,25364042.394106,93,136,0,1,39962679.882543,
22,1562423272,0.602000,8,180,0,1,21390005.714519,10,168,0,1,21321142.932366,20,180,0,1,22114401.282255,55,132,0,1,21281797.307458,18,164,0,1,22593288.654698,27,172,0,1,21648073.389926,56,148,0,1,19794234.253986,40,144,0,1,20721494.000401,11,156,0,1,23905014.507202,15,88,0,1,25059979.783785,74,160,0,12,25164648.203338,68,172,0,12,23945410.563980,64,164,0,12,25827174.931489,33,156,0,1,20788145.688253,49,168,0,1,21916776.807781,86,156,0,12,26774543.588031,47,176,0,1,22858598.956752,80,120,0,12,27603010.893249,39,96,0,1,23891324.995125,32,152,0,1,24870874.182270,21,108,0,1,25241548.915462,48,88,0,1,23033937.359259,
2,1562423272,0.602000,28,72,0,1,25363939.158618,93,136,0,1,39962676.741504,
22,1562423272,0.802000,8,180,0,1,21389976.747158,10,168,0,1,21321152.180981,20,180,0,1,22114483.856685,55,132,0,1,21281907.383431,18,168,0,1,22593163.327234,27,172,0,1,21648148.705066,56,148,0,1,19794218.653492,40,144,0,1,20721536.090326,11,156,0,1,23904873.300040,15,92,0,1,25060080.646044,74,160,0,12,25164565.698708,68,172,0,12,23945437.925921,64,164,0,12,25827093.927579,33,156,0,1,20788046.361613,49,168,0,1,21916644.500231,86,156,0,12,26774607.874633,47,176,0,1,22858686.487045,80,120,0,12,27602972.747073,39,96,0,1,23891474.962297,32,152,0,1,24870738.698780,21,108,0,1,25241660.178050,48,92,0,1,23033889.545662,
2,1562423272,0.802000,28,72,0,1,25363837.703052,93,136,0,1,39962673.565564,
22,1562423273,0.002000,8,180,0,1,21389947.675095,10,168,0,1,21321161.429596,20,180,0,1,22114566.326415,55,132,0,1,21282016.482193,18,168,0,1,22593037.964870,27,172,0,1,21648224.124907,56,148,0,1,19794203.227499,40,144,0,1,20721578.180251,11,156,0,1,23904732.023078,15,92,0,1,25060182.764718,74,160,0,12,25164483.019577,68,172,0,12,23945465.043559,64,164,0,12,25827013.237772,33,156,0,1,20787946.825571,49,168,0,1,21916512.262480,86,156,0,12,26774672.056534,47,176,0,1,22858774.122038,80,120,0,12,27602936.311019,39,92,0,1,23891625.418074,32,152,0,1,24870603.075688,21,108,0,1,25241769.556015,48,92,0,1,23033841.452862,
2,1562423273,0.002000,28,68,0,1,25363735.305175,93,140,0,1,39962670.354724,
22,1562423273,0.202000,8,180,0,1,21389918.637932,10,168,0,1,21321170.782913,20,180,0,1,22114648.761243,55,132,0,1,21282125.999759,18,168,0,1,22592912.497805,27,172,0,1,21648299.614549,56,148,0,1,19794187.592104,40,144,0,1,20721620.339977,11,156,0,1,23904590.676314,15,92,0,1,25060283.347773,74,160,0,12,25164400.480047,68,172,0,12,23945492.510202,64,164,0,12,25826932.303662,33,156,0,1,20787847.289529,49,168,0,1,21916380.059631,86,156,0,12,26774736.029032,47,176,0,1,22858861.791932,80,120,0,12,27602898.897752,39,92,0,1,23891775.629548,32,152,0,1,24870467.312994,21,108,0,1,25241879.003781,48,92,0,1,23033794.651378,
2,1562423273,0.202000,28,72,0,1,25363633.465704,93,140,0,1,39962667.178785,
22,1562423273,0.402000,8,184,0,1,21389889.705471,10,168,0,1,21321179.926827,20,180,0,1,22114731.335673,55,132,0,1,21282234.854217,18,168,0,1,22592787.065639,27,172,0,1,21648374.929689,56,148,0,1,19794172.026510,40,144,0,1,20721662.325201,11,156,0,1,23904449.155048,15,92,0,1,25060383.337521,74,160,0,12,25164317.731114,68,172,0,12,23945519.558040,64,164,0,12,25826851.369552,33,156,0,1,20787747.893089,49,168,0,1,21916247.821881,86,156,0,12,26774800.210933,47,176,0,1,22858949.287324,80,120,0,12,27602862.287195,39,92,0,1,23891925.910824,32,152,0,1,24870331.689901,21,108,0,1,25241989.568360,48,92,0,1,23033746.907582,
2,1562423273,0.402000,28,68,0,1,25363532.149740,93,140,0,1,39962664.002845,
22,1562423273,0.602000,8,184,0,1,21389860.319305,10,168,0,1,21321189.140542,20,180,0,1,22114813.840303,55,132,0,1,21282345.244295,18,168,0,1,22592661.598574,27,176,0,1,21648450.349530,56,148,0,1,19794156.356214,40,144,0,1,20721704.380226,11,156,0,1,23904307.738483,15,92,0,1,25060483.536671,74,160,0,12,25164235.191584,68,172,0,12,23945546.745479,64,164,0,12,25826770.435442,33,156,0,1,20787648.461748,49,168,0,1,21916115.619031,86,156,0,12,26774864.602236,47,176,0,1,22859036.852516,80,120,0,12,27602819.080456,39,92,0,1,23892075.354488,32,152,0,1,24870196.136610,21,108,0,1,25242104.041788,48,92,0,1,23033697.942271,
2,1562423273,0.602000,28,68,0,1,25363430.484771,93,140,0,1,39962660.722204,
22,1562423273,0.802000,8,180,0,1,21389831.212342,10,168,0,1,21321198.493859,20,180,0,1,22114896.344932,55,132,0,1,21282452.981939,18,168,0,1,22592536.096608,27,172,0,1,21648525.839172,56,148,0,1,19794140.755720,40,144,0,1,20721746.400350,11,156,0,1,23904166.287018,15,88,0,1,25060583.526419,74,160,0,12,25164152.617154,68,172,0,12,23945573.898018,64,164,0,12,25826689.257029,33,156,0,1,20787548.960607,49,168,0,1,21915983.346381,86,156,0,12,26774928.784137,47,176,0,1,22859124.487510,80,120,0,12,27602783.202808,39,92,0,1,23892225.775365,32,152,0,1,24870060.478617,21,108,0,1,25242216.735295,48,92,0,1,23033649.989073,
2,1562423273,0.802000,28,72,0,1,25363329.378209,93,140,0,1,39962657.581165,
22,1562423274,0.002000,8,184,0,1,21389802.175179,10,168,0,1,21321207.812275,20,180,0,1,22114978.709960,55,132,0,1,21282563.057913,18,168,0,1,22592410.559742,27,176,0,1,21648601.224112,56,148,0,1,19794125.155225,40,144,0,1,20721788.560076,11,156,0,1,23904024.695952,15,88,0,1,25060684.947084,74,160,0,12,25164069.833321,68,172,0,12,23945600.945855,64,164,0,12,25826608.218218,33,156,0,1,20787449.494366,49,168,0,1,21915851.178432,86,156,0,12,26774993.070739,47,172,0,1,22859212.052703,80,120,0,12,27602740.938381,39,96,0,1,23892375.882138,32,152,0,1,24869924.820624,21,112,0,1,25242324.682342,48,92,0,1,23033600.953961,
2,1562423274,0.002000,28,72,0,1,25363229.772367,93,140,0,1,39962654.370325,
22,1562423274,0.202000,8,184,0,1,21389773.138017,10,168,0,1,21321217.165592,20,180,0,1,22115061.249490,55,132,0,1,21282672.610380,18,168,0,1,22592285.127576,27,176,0,1,21648676.643954,56,148,0,1,19794109.519830,40,144,0,1,20721830.824504,11,156,0,1,23903883.384088,15,88,0,1,25060784.169022,74,160,0,12,25163987.154189,68,172,0,12,23945628.272896,64,164,0,12,25826527.214307,33,156,0,1,20787350.167726,49,168,0,1,21915718.905781,86,156,0,12,26775057.322441,47,172,0,1,22859299.582995,80,120,0,12,27602700.000170,39,96,0,1,23892526.023812,32,152,0,1,24869789.302233,21,112,0,1,25242430.116557,48,92,0,1,23033551.604745,
2,1562423274,0.202000,28,76,0,1,25363130.759831,93,140,0,1,39962651.089684,
22,1562423274,0.402000,8,184,0,1,21389744.135755,10,168,0,1,21321226.414207,20,180,0,1,22115143.754120,55,132,0,1,21282781.046033,18,168,0,1,22592159.625610,27,172,0,1,21648752.098695,56,144,0,1,19794094.058937,40,144,0,1,20721872.949329,11,156,0,1,23903741.932623,15,88,0,1,25060885.903792,74,160,0,12,25163904.579759,68,172,0,12,23945655.565037,64,164,0,12,25826446.419799,33,156,0,1,20787250.701485,49,168,0,1,21915586.598230,86,156,0,12,26775121.364740,47,172,0,1,22859387.008586,80,120,0,12,27602666.565553,39,96,0,1,23892675.711779,32,152,0,1,24869653.644241,21,112,0,1,25242540.262332,48,92,0,1,23033503.058239,
2,1562423274,0.402000,28,76,0,1,25363030.735183,93,136,0,1,39962647.983545,
22,1562423274,0.602000,8,184,0,1,21389714.889190,10,168,0,1,21321235.767524,20,180,0,1,22115226.154048,55,132,0,1,21282890.528699,18,168,0,1,22592034.088744,27,176,0,1,21648827.413835,56,144,0,1,19794078.598044,40,144,0,1,20721915.039255,11,156,0,1,23903600.481158,15,88,0,1,25060985.928440,74,160,0,12,25163821.970428,68,172,0,12,23945682.787376,64,164,0,12,25826365.346087,33,156,0,1,20787151.305045,49,168,0,1,21915454.465182,86,156,0,12,26775185.337238,47,172,0,1,22859474.643579,80,120,0,12,27602627.791169,39,96,0,1,23892825.329946,32,152,0,1,24869517.881547,21,112,0,1,25242650.128902,48,96,0,1,23033453.953327,
2,1562423274,0.602000,28,76,0,1,25362930.780336,93,136,0,1,39962644.458601,
22,1562423274,0.802000,8,184,0,1,21389685.782227,10,168,0,1,21321244.946338,20,180,0,1,22115308.658677,55,132,0,1,21282999.418057,18,168,0,1,22591908.656579,27,176,0,1,21648902.903477,56,148,0,1,19794063.067350,40,144,0,1,20721957.373483,11,156,0,1,23903459.134395,15,88,0,1,25061087.418906,74,160,0,12,25163739.221496,68,172,0,12,23945710.149318,64,164,0,12,25826284.446878,33,156,0,1,20787051.803903,49,168,0,1,21915322.262332,86,156,0,12,26775249.658741,47,172,0,1,22859562.418174,80,120,0,12,27602591.424915,39,96,0,1,23892975.157516,32,152,0,1,24869382.153753,21,112,0,1,25242757.203438,48,96,0,1,23033405.441721,
2,1562423274,0.802000,28,80,0,1,25362831.139593,93,136,0,1,39962641.212861,
22,1562423275,0.002000,8,180,0,1,21389656.675264,10,168,0,1,21321254.264755,20,180,0,1,22115391.163307,55,132,0,1,21283108.447018,18,168,0,1,22591783.049912,27,176,0,1,21648978.288417,56,148,0,1,19794047.536656,40,144,0,1,20721999.393607,11,156,0,1,23903317.648029,15,88,0,1,25061188.211364,74,160,0,12,25163656.612165,68,172,0,12,23945737.127354,64,164,0,12,25826203.303366,33,156,0,1,20786952.267861,49,168,0,1,21915189.954781,86,156,0,12,26775313.875542,47,172,0,1,22859650.088068,80,120,0,12,27602559.595718,39,92,0,1,23893124.426678,32,152,0,1,24869246.460860,21,112,0,1,25242866.267299,48,92,0,1,23033357.907328,
2,1562423275,0.002000,28,80,0,1,25362729.579325,93,136,0,1,39962637.897319,
22,1562423275,0.202000,8,180,0,1,21389627.707902,10,168,0,1,21321263.513370,20,180,0,1,22115473.702837,55,132,0,1,21283218.069286,18,168,0,1,22591657.687547,27,176,0,1,21649053.638458,56,148,0,1,19794031.971062,40,144,0,1,20722041.448632,11,156,0,1,23903176.371067,15,88,0,1,25061288.445414,74,160,0,12,25163574.107536,68,172,0,12,23945764.349694,64,164,0,12,25826122.159853,33,156,0,1,20786852.836521,49,168,0,1,21915057.786832,86,156,0,12,26775378.231945,47,172,0,1,22859737.653261,80,120,0,12,27602519.041412,39,92,0,1,23893273.765642,32,152,0,1,24869110.698166,21,112,0,1,25242973.481437,48,96,0,1,23033310.198433,
2,1562423275,0.202000,28,80,0,1,25362628.926469,93,136,0,1,39962634.511977,
22,1562423275,0.402000,8,180,0,1,21389598.566039,10,168,0,1,21321272.936488,20,180,0,1,22115556.032964,55,132,0,1,21283327.551952,18,168,0,1,22591532.255382,27,176,0,1,21649129.128100,56,144,0,1,19794016.370568,40,144,0,1,20722083.538557,11,156,0,1,23903035.059203,15,84,0,1,25061387.806954,74,160,0,12,25163491.288802,68,172,0,12,23945791.641835,64,164,0,12,25826041.086141,33,156,0,1,20786753.300479,49,164,0,1,21914925.514181,86,156,0,12,26775442.274244,47,172,0,1,22859825.253354,80,120,0,12,27602481.907349,39,92,0,1,23893423.209306,32,152,0,1,24868974.865671,21,112,0,1,25243081.114380,48,96,0,1,23033261.861330,
2,1562423275,0.402000,28,76,0,1,25362527.819908,93,136,0,1,39962631.370938,
22,1562423275,0.602000,8,180,0,1,21389569.389275,10,168,0,1,21321282.220004,20,180,0,1,22115638.432892,55,132,0,1,21283436.755414,18,168,0,1,22591406.788317,27,176,0,1,21649204.582841,56,144,0,1,19794000.735172,40,144,0,1,20722125.733184,11,156,0,1,23902893.642639,15,84,0,1,25061487.936304,74,160,0,12,25163408.574770,68,172,0,12,23945818.968876,64,164,0,12,25825960.221832,33,156,0,1,20786653.904038,49,164,0,1,21914793.206631,86,156,0,12,26775506.456145,47,172,0,1,22859912.644044,80,120,0,12,27602434.756860,39,92,0,1,23893573.071776,32,152,0,1,24868839.137878,21,112,0,1,25243191.015851,48,96,0,1,23033213.000720,
2,1562423275,0.602000,28,76,0,1,25362426.189840,93,136,0,1,39962628.020496,
22,1562423275,0.802000,8,180,0,1,21389540.247411,10,168,0,1,21321291.503519,20,180,0,1,22115720.763019,55,132,0,1,21283546.377682,18,168,0,1,22591281.356152,27,176,0,1,21649280.246985,56,144,0,1,19793985.099777,40,144,0,1,20722167.962711,11,156,0,1,23902752.051572,15,84,0,1,25061587.716649,74,160,0,12,25163325.825838,68,172,0,12,23945846.295917,64,164,0,12,25825879.078320,33,156,0,1,20786554.472698,49,164,0,1,21914660.968880,86,156,0,12,26775570.498444,47,172,0,1,22860000.244137,80,120,0,12,27602401.671248,39,92,0,1,23893723.597355,32,152,0,1,24868703.375184,21,112,0,1,25243301.022024,48,96,0,1,23033165.640829,
2,1562423275,0.802000,28,80,0,1,25362326.723599,93,136,0,1,39962624.879457,
22,1562423276,0.002000,8,180,0,1,21389511.105547,10,168,0,1,21321300.717234,20,180,0,1,22115803.267649,55,132,0,1,21283655.616045,18,168,0,1,22591155.923986,27,176,0,1,21649355.527224,56,144,0,1,19793969.569084,40,144,0,1,20722210.122437,11,156,0,1,23902610.669908,15,84,0,1,25061688.648708,74,160,0,12,25163243.286308,68,172,0,12,23945873.448455,64,164,0,12,25825798.248911,33,156,0,1,20786455.146058,49,164,0,1,21914528.661330,86,156,0,12,26775634.785046,47,172,0,1,22860087.914031,80,120,0,12,27602365.758699,39,88,0,1,23893874.157833,32,152,0,1,24868567.682290,21,112,0,1,25243409.667080,48,100,0,1,23033117.443328,
2,1562423276,0.002000,28,80,0,1,25362226.070743,93,136,0,1,39962621.494115,
22,1562423276,0.202000,8,180,0,1,21389481.858982,10,168,0,1,21321309.930949,20,180,0,1,22115885.667577,55,132,0,1,21283765.273214,18,168,0,1,22591030.596523,27,176,0,1,21649431.051767,56,144,0,1,19793953.898788,40,144,0,1,20722252.317063,11,156,0,1,23902469.392945,15,80,0,1,25061788.778057,74,160,0,12,25163160.607176,68,172,0,12,23945900.600994,64,164,0,12,25825717.314801,33,156,0,1,20786355.714718,49,164,0,1,21914396.283978,86,156,0,12,26775699.106549,47,172,0,1,22860175.583925,80,120,0,12,27602325.867502,39,88,0,1,23894023.496797,32,152,0,1,24868432.024298,21,112,0,1,25243519.394049,48,100,0,1,23033068.547818,
2,1562423276,0.202000,28,84,0,1,25362125.173584,93,136,0,1,39962618.353075,
22,1562423276,0.402000,8,180,0,1,21389452.647318,10,168,0,1,21321319.354067,20,180,0,1,22115968.067505,55,136,0,1,21283874.860581,18,168,0,1,22590905.059656,27,176,0,1,21649506.611210,56,144,0,1,19793938.437895,40,144,0,1,20722294.406988,11,156,0,1,23902328.011281,15,80,0,1,25061889.256411,74,160,0,12,25163077.823343,68,172,0,12,23945927.753533,64,164,0,12,25825636.241090,33,156,0,1,20786256.283377,49,164,0,1,21914264.046228,86,152,0,12,26775763.323350,47,172,0,1,22860263.184018,80,120,0,12,27602285.732001,39,88,0,1,23894173.603570,32,152,0,1,24868296.191803,21,112,0,1,25243630.202932,48,100,0,1,23033020.908723,
2,1562423276,0.402000,28,88,0,1,25362024.730130,93,136,0,1,39962615.107335,
22,1562423276,0.602000,8,180,0,1,21389423.365853,10,168,0,1,21321328.777184,20,180,0,1,22116050.607035,55,136,0,1,21283984.552650,18,168,0,1,22590779.627491,27,176,0,1,21649582.135752,56,144,0,1,19793922.977002,40,144,0,1,20722336.601615,11,156,0,1,23902186.594716,15,76,0,1,25061989.001856,74,160,0,12,25162995.074410,68,172,0,12,23945955.045674,64,164,0,12,25825555.306980,33,156,0,1,20786156.852036,49,164,0,1,21914131.738677,86,152,0,12,26775827.365649,47,172,0,1,22860350.609609,80,120,0,12,27602245.491799,39,88,0,1,23894323.047234,32,152,0,1,24868160.603611,21,116,0,1,25243739.162091,48,100,0,1,23032973.653534,
1,1562423276,0.602000,93,136,0,1,39962611.896495,
22,1562423276,0.802000,8,180,0,1,21389394.328690,10,168,0,1,21321338.165402,20,180,0,1,22116133.251266,55,136,0,1,21284094.174918,18,168,0,1,22590654.369828,27,176,0,1,21649657.695195,56,144,0,1,19793907.341607,40,144,0,1,20722378.761341,11,156,0,1,23902045.282853,15,76,0,1,25062089.445309,74,160,0,12,25162912.569781,68,172,0,12,23945981.988810,64,164,0,12,25825474.023866,33,156,0,1,20786057.385795,49,164,0,1,21913999.570728,86,152,0,12,26775891.861654,47,172,0,1,22860438.244603,80,120,0,12,27602206.542913,39,84,0,1,23894473.049306,32,152,0,1,24868024.840917,21,116,0,1,25243849.342766,48,100,0,1,23032926.677547,
1,1562423276,0.802000,93,136,0,1,39962608.650754,
22,1562423277,0.002000,8,180,0,1,21389365.186827,10,168,0,1,21321347.239515,20,180,0,1,22116215.825697,55,136,0,1,21284203.762285,18,168,0,1,22590529.007464,27,176,0,1,21649733.149936,56,144,0,1,19793891.880714,40,144,0,1,20722420.921067,11,156,0,1,23901903.901189,15,72,0,1,25062189.888762,74,160,0,12,25162829.995351,68,172,0,12,23946009.036647,64,164,0,12,25825392.880353,33,156,0,1,20785957.779952,49,164,0,1,21913867.263177,86,152,0,12,26775955.973754,47,172,0,1,22860525.949397,80,120,0,12,27602173.073395,39,84,0,1,23894623.400382,32,152,0,1,24867889.113123,21,116,0,1,25243959.453640,48,100,0,1,23032878.619648,
1,1562423277,0.002000,93,132,0,1,39962605.230512,
22,1562423277,0.202000,8,180,0,1,21389336.254366,10,168,0,1,21321356.697533,20,180,0,1,22116298.260525,55,136,0,1,21284313.314752,18,168,0,1,22590403.540398,27,176,0,1,21649808.499977,56,144,0,1,19793876.419821,40,144,0,1,20722463.150594,11,156,0,1,23901762.554425,15,72,0,1,25062290.367116,74,160,0,12,25162747.455821,68,172,0,12,23946036.398589,64,164,0,12,25825311.771741,33,156,0,1,20785858.278811,49,164,0,1,21913734.990526,86,152,0,12,26776020.190555,47,172,0,1,22860613.584391,80,120,0,12,27602133.810405,39,84,0,1,23894773.681657,32,152,0,1,24867753.245728,21,116,0,1,25244068.971206,48,100,0,1,23032831.783263,
1,1562423277,0.202000,93,132,0,1,39962602.054572,
22,1562423277,0.402000,8,180,0,1,21389307.077602,10,168,0,1,21321366.015949,20,180,0,1,22116380.834956,55,136,0,1,21284422.797418,18,168,0,1,22590278.038432,27,176,0,1,21649883.850017,56,144,0,1,19793860.854227,40,144,0,1,20722505.415021,11,160,0,1,23901621.312363,15,68,0,1,25062390.810569,74,160,0,12,25162664.846490,68,172,0,12,23946063.586028,64,164,0,12,25825230.628229,33,156,0,1,20785758.707868,49,164,0,1,21913602.787677,86,152,0,12,26776084.407357,47,172,0,1,22860701.184484,80,120,0,12,27602094.791718,39,84,0,1,23894924.172335,32,152,0,1,24867617.378333,21,112,0,1,25244178.069968,48,100,0,1,23032784.946879,
1,1562423277,0.402000,93,132,0,1,39962598.704130,
22,1562423277,0.602000,8,180,0,1,21389278.005539,10,168,0,1,21321375.334365,20,180,0,1,22116463.304685,55,140,0,1,21284532.384785,18,168,0,1,22590152.536466,27,176,0,1,21649959.165157,56,148,0,1,19793845.288633,40,144,0,1,20722547.400245,11,160,0,1,23901479.930699,15,68,0,1,25062490.905018,74,160,0,12,25162582.306960,68,172,0,12,23946090.878169,64,164,0,12,25825149.589418,33,156,0,1,20785659.136926,49,164,0,1,21913470.515026,86,152,0,12,26776148.554357,47,172,0,1,22860788.854377,80,120,0,12,27602057.064348,39,84,0,1,23895075.046918,32,152,0,1,24867481.476037,21,112,0,1,25244287.622435,48,100,0,1,23032736.888979,
1,1562423277,0.602000,93,132,0,1,39962595.318788,
22,1562423277,0.802000,8,180,0,1,21389248.689173,10,168,0,1,21321384.652782,20,180,0,1,22116545.669712,55,140,0,1,21284642.041954,18,168,0,1,22590026.999600,27,176,0,1,21650034.619898,56,148,0,1,19793829.653238,40,140,0,1,20722589.629772,11,160,0,1,23901338.723537,15,64,0,1,25062591.383372,74,160,0,12,25162499.523127,68,172,0,12,23946117.960906,64,164,0,12,25825068.655308,33,156,0,1,20785559.600884,49,164,0,1,21913338.242376,86,152,0,12,26776212.666457,47,172,0,1,22860876.384670,80,120,0,12,27602023.908934,39,84,0,1,23895225.467795,32,152,0,1,24867345.643542,21,112,0,1,25244397.384304,48,100,0,1,23032689.633790,
1,1562423277,0.802000,93,132,0,1,39962592.073047,
22,1562423278,0.002000,8,180,0,1,21389219.652011,10,168,0,1,21321393.936298,20,180,0,1,22116628.069640,55,140,0,1,21284751.524620,18,168,0,1,22589901.497634,27,176,0,1,21650110.074640,56,144,0,1,19793814.087644,40,140,0,1,20722631.859299,11,160,0,1,23901197.481474,15,64,0,1,25062691.757025,74,160,0,12,25162416.948697,68,172,0,12,23946145.183246,64,164,0,12,25824987.756098,33,156,0,1,20785459.995041,49,164,0,1,21913206.039526,86,152,0,12,26776277.022860,47,172,0,1,22860963.880061,80,120,0,12,27601985.343953,39,84,0,1,23895376.098074,32,152,0,1,24867209.811047,21,108,0,1,25244506.727369,48,104,0,1,23032641.401388,
2,1562423278,0.002000,28,92,0,1,25361216.261543,93,132,0,1,39962588.513203,
22,1562423278,0.202000,8,180,0,1,21389190.510147,10,168,0,1,21321403.533917,20,180,0,1,22116710.609170,55,140,0,1,21284861.042186,18,168,0,1,22589775.960768,27,172,0,1,21650185.459580,56,144,0,1,19793798.626751,40,140,0,1,20722674.088826,11,160,0,1,23901056.309213,15,60,0,1,25062790.455456,74,160,0,12,25162334.095063,68,172,0,12,23946172.475387,64,164,0,12,25824906.821988,33,156,0,1,20785360.528800,49,164,0,1,21913073.766876,86,152,0,12,26776341.379263,47,172,0,1,22861051.619756,80,120,0,12,27601944.056738,39,88,0,1,23895526.169947,32,152,0,1,24867073.804050,21,108,0,1,25244614.709316,48,104,0,1,23032594.181099,
2,1562423278,0.202000,28,92,0,1,25361116.097293,93,128,0,1,39962585.302363,
22,1562423278,0.402000,8,180,0,1,21389161.438084,10,168,0,1,21321412.817433,20,180,0,1,22116793.113800,55,140,0,1,21284970.629554,18,168,0,1,22589650.528603,27,172,0,1,21650260.844521,56,144,0,1,19793782.991356,40,140,0,1,20722716.213652,11,160,0,1,23900914.927549,15,60,0,1,25062889.363290,74,160,0,12,25162251.276330,68,172,0,12,23946199.732627,64,164,0,12,25824825.992580,33,156,0,1,20785261.097459,49,164,0,1,21912941.459325,86,152,0,12,26776405.630965,47,172,0,1,22861139.289650,80,120,0,12,27601907.550882,39,84,0,1,23895677.149231,32,152,0,1,24866937.901754,21,108,0,1,25244722.621462,48,104,0,1,23032546.925909,
2,1562423278,0.402000,28,92,0,1,25361015.758541,93,128,0,1,39962581.917021,
22,1562423278,0.602000,8,180,0,1,21389132.470723,10,168,0,1,21321422.170750,20,180,0,1,22116875.583529,55,140,0,1,21285080.286722,18,168,0,1,22589524.991736,27,172,0,1,21650336.264362,56,144,0,1,19793767.565363,40,140,0,1,20722758.373378,11,160,0,1,23900773.615685,15,60,0,1,25062988.899332,74,160,0,12,25162168.562297,68,172,0,12,23946227.024767,64,164,0,12,25824745.058470,33,156,0,1,20785161.526517,49,164,0,1,21912809.151774,86,152,0,12,26776469.987368,47,172,0,1,22861226.819942,80,120,0,12,27601868.183191,39,84,0,1,23895825.999588,32,152,0,1,24866802.173961,21,108,0,1,25244831.755124,48,104,0,1,23032499.391516,
2,1562423278,0.602000,28,92,0,1,25360915.349988,93,128,0,1,39962578.601479,
22,1562423278,0.802000,8,180,0,1,21389103.503361,10,168,0,1,21321431.593867,20,180,0,1,22116958.088158,55,140,0,1,21285189.839189,18,168,0,1,22589399.419969,27,176,0,1,21650411.649303,56,144,0,1,19793751.999769,40,140,0,1,20722800.707606,11,160,0,1,23900632.303822,15,60,0,1,25063088.330673,74,160,0,12,25162085.918066,68,172,0,12,23946254.282007,64,164,0,12,25824664.089460,33,156,0,1,20785062.164977,49,164,0,1,21912676.914024,86,152,0,12,26776534.378671,47,172,0,1,22861314.454936,80,120,0,12,27601839.599734,39,84,0,1,23895975.094248,32,152,0,1,24866666.446167,21,108,0,1,25244941.586795,48,104,0,1,23032453.427642,
2,1562423278,0.802000,28,92,0,1,25360814.034024,93,132,0,1,39962575.495341,
22,1562423279,0.002000,8,180,0,1,21389074.570900,10,168,0,1,21321440.807582,20,180,0,1,22117040.313584,55,140,0,1,21285299.356756,18,168,0,1,22589273.918003,27,176,0,1,21650487.069144,56,148,0,1,19793736.573776,40,140,0,1,20722842.867332,11,160,0,1,23900490.852357,15,60,0,1,25063188.809027,74,160,0,12,25162003.448337,68,172,0,12,23946281.225144,64,164,0,12,25824583.329852,33,156,0,1,20784962.698736,49,164,0,1,21912544.571573,86,152,0,12,26776598.560572,47,172,0,1,22861401.985228,80,120,0,12,27601794.054666,39,80,0,1,23896124.782216,32,152,0,1,24866530.578772,21,108,0,1,25245050.441253,48,104,0,1,23032406.870461,
2,1562423279,0.002000,28,92,0,1,25360711.845549,93,132,0,1,39962572.214700,
22,1562423279,0.202000,8,180,0,1,21389045.603539,10,168,0,1,21321450.160899,20,180,0,1,22117122.783313,55,140,0,1,21285408.909222,18,168,0,1,22589148.450938,27,176,0,1,21650562.558786,56,148,0,1,19793721.182684,40,140,0,1,20722884.992157,11,160,0,1,23900349.645195,15,56,0,1,25063288.694073,74,160,0,12,25161920.873907,68,172,0,12,23946308.517284,64,164,0,12,25824502.535344,33,156,0,1,20784863.337196,49,164,0,1,21912412.403623,86,152,0,12,26776662.986776,47,172,0,1,22861489.690022,80,120,0,12,27601750.778126,39,80,0,1,23896274.644686,32,152,0,1,24866394.641576,21,108,0,1,25245159.540014,48,108,0,1,23032359.894475,
2,1562423279,0.202000,28,92,0,1,25360610.459783,93,132,0,1,39962569.003860,
22,1562423279,0.402000,8,180,0,1,21389016.496576,10,168,0,1,21321459.444415,20,180,0,1,22117205.322843,55,140,0,1,21285518.461689,18,168,0,1,22589022.844270,27,176,0,1,21650638.048427,56,148,0,1,19793705.721791,40,140,0,1,20722927.151884,11,160,0,1,23900208.263531,15,60,0,1,25063388.230115,74,160,0,12,25161838.124974,68,172,0,12,23946335.460420,64,164,0,12,25824421.531433,33,156,0,1,20784763.870955,49,164,0,1,21912280.026272,86,152,0,12,26776727.029075,47,172,0,1,22861577.325016,80,120,0,12,27601713.888366,39,76,0,1,23896423.878948,32,152,0,1,24866258.739280,21,108,0,1,25245268.813278,48,108,0,1,23032312.534584,
2,1562423279,0.402000,28,88,0,1,25360508.690114,93,132,0,1,39962565.862820,
22,1562423279,0.602000,8,180,0,1,21388987.459413,10,168,0,1,21321468.832632,20,180,0,1,22117287.932174,55,140,0,1,21285628.014156,18,168,0,1,22588897.272504,27,176,0,1,21650713.677671,56,148,0,1,19793690.295799,40,144,0,1,20722969.346510,11,160,0,1,23900066.881867,15,56,0,1,25063488.568867,74,160,0,12,25161755.341141,68,172,0,12,23946362.787461,64,164,0,12,25824340.213418,33,156,0,1,20784664.230212,49,164,0,1,21912147.788522,86,152,0,12,26776791.245876,47,172,0,1,22861664.925109,80,120,0,12,27601674.904579,39,72,0,1,23896572.868907,32,152,0,1,24866122.732283,21,108,0,1,25245379.657061,48,108,0,1,23032265.837802,
2,1562423279,0.602000,28,88,0,1,25360407.164747,93,132,0,1,39962562.477478,
22,1562423279,0.802000,8,180,0,1,21388958.596753,10,168,0,1,21321478.151048,20,180,0,1,22117370.332102,55,140,0,1,21285737.461922,18,168,0,1,22588771.840338,27,176,0,1,21650789.202214,56,148,0,1,19793674.765105,40,144,0,1,20723011.610937,11,160,0,1,23899925.535103,15,56,0,1,25063587.651203,74,160,0,12,25161672.836512,68,172,0,12,23946389.974901,64,164,0,12,25824258.895404,33,156,0,1,20784564.833771,49,164,0,1,21912015.655473,86,152,0,12,26776855.602279,47,172,0,1,22861752.629903,80,120,0,12,27601635.781191,39,72,0,1,23896722.172970,32,152,0,1,24865986.899788,21,108,0,1,25245489.767935,48,108,3,1,23032218.966517,
2,1562423279,0.802000,28,88,0,1,25360307.174999,93,132,0,1,39962559.301538,
22,1562423280,0.002000,8,180,0,1,21388929.629392,10,168,0,1,21321487.504365,20,180,0,1,22117452.801831,55,140,0,1,21285847.049289,18,168,0,1,22588646.163870,27,176,0,1,21650864.936159,56,144,0,1,19793659.339113,40,144,0,1,20723053.770663,11,156,0,1,23899784.118539,15,60,0,1,25063687.117444,74,160,0,12,25161589.982878,68,172,0,12,23946417.267041,64,164,0,12,25824177.716991,33,156,0,1,20784465.402431,49,164,0,1,21911883.347922,86,152,0,12,26776919.853981,47,168,0,1,22861840.090395,80,120,0,12,27601597.914218,39,72,0,1,23896872.454245,32,156,0,1,24865851.067293,21,112,0,1,25245599.983510,48,108,2,1,23032172.304635,
2,1562423280,0.002000,28,88,0,1,25360206.522143,93,132,0,1,39962556.125599,
22,1562423280,0.202000,8,180,0,1,21388900.731831,10,168,0,1,21321496.822781,20,180,0,1,22117535.271560,55,144,0,1,21285956.741358,18,168,0,1,22588520.627004,27,176,0,1,21650940.565402,56,148,0,1,19793643.843319,40,144,0,1,20723096.000190,11,160,0,1,23899642.841576,15,60,0,1,25063786.897789,74,160,0,12,25161507.338647,68,172,0,12,23946444.314879,64,164,0,12,25824096.887582,33,156,0,1,20784365.901289,49,164,0,1,21911751.214873,86,152,0,12,26776984.280185,47,168,0,1,22861927.830089,80,120,0,12,27601565.212510,39,68,0,1,23897022.421417,32,156,0,1,24865715.304599,21,112,0,1,25245708.663466,48,108,2,1,23032126.340761,
2,1562423280,0.202000,28,88,0,1,25360105.380681,93,132,0,1,39962552.705356,
22,1562423280,0.402000,8,184,0,1,21388871.729569,10,168,0,1,21321506.210998,20,180,0,1,22117617.741289,55,144,0,1,21286066.293825,18,168,0,1,22588395.090137,27,176,0,1,21651016.055044,56,144,0,1,19793628.207924,40,144,0,1,20723138.264618,11,160,0,1,23899501.390111,15,60,0,1,25063885.840524,74,160,0,12,25161424.694416,68,172,0,12,23946471.537218,64,164,0,12,25824015.918572,33,156,0,1,20784266.435048,49,164,0,1,21911619.012024,86,152,0,12,26777048.496986,47,168,0,1,22862015.499983,80,120,0,12,27601522.354776,39,68,0,1,23897172.528190,32,144,0,1,24865579.367403,21,108,0,1,25245818.076331,48,112,2,1,23032079.539277,
2,1562423280,0.402000,28,84,0,1,25360003.960016,93,132,0,1,39962549.459616,
22,1562423280,0.602000,8,180,0,1,21388842.762208,10,168,0,1,21321515.599216,20,180,0,1,22117700.211018,55,144,0,1,21286175.881193,18,168,0,1,22588269.518371,27,176,0,1,21651091.719188,56,144,0,1,19793612.607430,40,144,0,1,20723180.494145,11,160,0,1,23899360.043347,15,64,0,1,25063985.271865,74,160,0,12,25161342.015284,68,172,0,12,23946498.619956,64,164,0,12,25823935.054263,33,156,0,1,20784167.003707,49,164,0,1,21911486.844074,86,152,0,12,26777112.678887,47,168,0,1,22862103.169877,80,120,0,12,27601486.861033,39,68,0,1,23897322.530261,32,144,0,1,24865443.465107,21,108,0,1,25245926.686487,48,112,2,1,23032032.318988,
2,1562423280,0.602000,28,88,0,1,25359903.446762,93,132,0,1,39962546.144074,
22,1562423280,0.802000,8,180,0,1,21388813.725046,10,168,0,1,21321524.882731,20,180,0,1,22117782.785449,55,144,0,1,21286285.712863,18,168,0,1,22588143.981504,27,176,0,1,21651167.418233,56,144,0,1,19793597.111636,40,144,0,1,20723222.828373,11,160,0,1,23899218.661683,15,68,0,1,25064084.319301,74,160,0,12,25161259.266351,68,172,0,12,23946525.842296,64,164,0,12,25823853.980551,33,152,0,1,20784067.502566,49,164,0,1,21911354.711026,86,152,0,12,26777177.105091,47,168,0,1,22862190.909572,80,120,0,12,27601446.306727,39,68,0,1,23897473.125640,32,144,0,1,24865307.458110,21,108,0,1,25246037.320867,48,112,2,1,23031985.482603,
2,1562423280,0.802000,28,88,0,1,25359802.305299,93,132,0,1,39962542.863433,
22,1562423281,0.002000,8,180,0,1,21388784.652983,10,168,0,1,21321534.305849,20,180,0,1,22117865.359879,55,148,0,1,21286395.370031,18,168,0,1,22588018.444638,27,176,0,1,21651243.012576,56,144,0,1,19793581.580942,40,144,0,1,20723264.988099,11,160,0,1,23899077.349820,15,68,0,1,25064184.902356,74,160,0,12,25161176.377817,68,172,0,12,23946553.204237,64,164,0,12,25823772.941740,33,152,0,1,20783968.175926,49,164,0,1,21911222.438375,86,152,0,12,26777241.356793,47,168,0,1,22862278.579466,80,120,0,12,27601410.359278,39,64,0,1,23897622.813608,32,132,0,1,24865171.695416,21,108,0,1,25246147.676044,48,112,2,1,23031938.087812,
2,1562423281,0.002000,28,88,0,1,25359699.977223,93,132,0,1,39962539.443191,
22,1562423281,0.202000,8,180,0,1,21388755.546020,10,168,0,1,21321543.694066,20,180,0,1,22117947.724907,55,148,0,1,21286505.027200,18,168,0,1,22587892.977572,27,176,0,1,21651318.676720,56,144,0,1,19793566.189850,40,144,0,1,20723307.287427,11,160,0,1,23898935.933255,15,76,0,1,25064285.345809,74,160,0,12,25161093.768486,68,172,0,12,23946580.356776,64,164,0,12,25823691.902929,33,156,0,1,20783868.814387,49,164,0,1,21911090.200625,86,152,0,12,26777305.538694,47,168,0,1,22862366.284260,80,120,0,12,27601372.492306,39,60,0,1,23897773.059983,32,132,0,1,24865035.862921,21,108,0,1,25246257.088909,48,112,2,1,23031891.740034,
2,1562423281,0.202000,28,88,0,1,25359598.696159,93,132,0,1,39962536.197450,
22,1562423281,0.402000,8,180,0,1,21388726.334355,10,168,0,1,21321553.012482,20,180,0,1,22118030.229536,55,148,0,1,21286614.614567,18,168,0,1,22587767.336004,27,176,0,1,21651394.096561,56,144,0,1,19793550.694057,40,144,0,1,20723349.551854,11,160,0,1,23898794.551591,15,76,0,1,25064387.569184,74,156,0,12,25161010.879952,68,172,0,12,23946607.718718,64,164,0,12,25823610.759416,33,156,0,1,20783769.313245,49,164,0,1,21910957.893074,86,152,0,12,26777369.825296,47,168,0,1,22862454.058856,80,120,0,12,27601332.496407,39,60,0,1,23897922.259345,32,132,0,1,24864900.135128,21,108,0,1,25246365.280259,48,112,2,1,23031844.100939,
2,1562423281,0.402000,28,88,0,1,25359497.799000,93,132,0,1,39962532.847008,
22,1562423281,0.602000,8,180,0,1,21388697.262292,10,168,0,1,21321562.191297,20,180,0,1,22118112.838867,55,148,0,1,21286724.132134,18,168,0,1,22587641.624636,27,176,0,1,21651469.621104,56,144,0,1,19793535.198264,40,144,0,1,20723391.851182,11,160,0,1,23898653.135027,15,76,0,1,25064489.094551,74,160,0,12,25160928.410223,68,172,0,12,23946634.871256,64,164,0,12,25823529.546103,33,156,0,1,20783669.951705,49,164,0,1,21910825.620424,86,152,0,12,26777434.007197,47,168,0,1,22862541.693849,80,120,0,12,27601298.677885,39,60,0,1,23898071.144602,32,136,0,1,24864764.372434,21,108,0,1,25246474.169618,48,112,2,1,23031796.426944,
2,1562423281,0.602000,28,88,0,1,25359395.680326,93,132,0,1,39962529.461666,
22,1562423281,0.802000,8,180,0,1,21388668.294931,10,168,0,1,21321571.474813,20,180,0,1,22118195.343497,55,148,0,1,21286833.754401,18,164,0,1,22587516.052869,27,176,0,1,21651545.040945,56,148,0,1,19793519.737371,40,144,0,1,20723434.185410,11,160,0,1,23898511.858064,15,80,0,1,25064592.225338,74,156,0,12,25160845.556589,68,172,0,12,23946662.337899,64,164,0,12,25823448.542192,33,156,0,1,20783570.555265,49,164,0,1,21910693.487375,86,152,0,12,26777498.293799,47,168,0,1,22862629.398643,80,120,0,12,27601260.601510,39,60,0,1,23898221.774882,32,136,0,1,24864628.644640,21,108,0,1,25246583.826786,48,108,2,1,23031748.299244,
2,1562423281,0.802000,28,88,0,1,25359295.201972,93,132,0,1,39962526.355527,
22,1562423282,0.002000,8,180,0,1,21388639.257769,10,168,0,1,21321580.828130,20,180,0,1,22118277.708524,55,148,0,1,21286943.341769,18,168,0,1,22587390.585803,27,176,0,1,21651620.321184,56,144,0,1,19793504.171776,40,144,0,1,20723476.589439,11,160,0,1,23898370.441499,15,84,0,1,25064693.785605,74,156,0,12,25160763.017059,68,172,0,12,23946689.281035,64,164,0,12,25823367.573182,33,156,0,1,20783471.089024,49,164,0,1,21910561.249625,86,152,0,12,26777562.440799,47,168,0,1,22862717.033637,80,120,0,12,27601218.790788,39,60,0,1,23898370.590339,32,140,0,1,24864492.812145,21,108,0,1,25246693.274552,48,108,2,1,23031701.148756,
1,1562423282,0.002000,93,132,0,1,39962523.039986,
22,1562423282,0.202000,8,180,0,1,21388610.185706,10,168,0,1,21321590.146546,20,180,0,1,22118360.038652,55,148,0,1,21287052.998937,18,168,0,1,22587265.083838,27,176,0,1,21651695.810826,56,144,0,1,19793488.815585,40,144,0,1,20723518.923668,11,160,0,1,23898229.024935,15,84,0,1,25064795.310972,74,156,0,12,25160680.268127,68,172,0,12,23946716.573176,64,164,0,12,25823286.708873,33,156,0,1,20783371.727484,49,164,0,1,21910429.151477,86,152,0,12,26777626.832103,47,172,0,1,22862804.878033,80,120,0,12,27601182.494335,39,60,0,1,23898520.278306,32,140,0,1,24864357.014551,21,108,0,1,25246803.036421,48,108,2,1,23031653.125756,
1,1562423282,0.202000,93,136,0,1,39962519.898947,
22,1562423282,0.402000,8,180,0,1,21388581.183444,10,168,0,1,21321599.395161,20,180,0,1,22118442.368779,55,148,0,1,21287162.691006,18,168,0,1,22587139.616772,27,176,0,1,21651771.265567,56,144,0,1,19793473.424493,40,144,0,1,20723561.153194,11,160,0,1,23898087.643271,15,84,0,1,25064895.719525,74,156,0,12,25160597.379593,68,172,0,12,23946743.865316,64,164,0,12,25823205.774763,33,156,0,1,20783272.505546,49,164,0,1,21910296.948627,86,152,0,12,26777691.188506,47,172,0,1,22862892.687529,80,120,0,12,27601140.613812,39,60,0,1,23898670.454880,32,140,0,1,24864221.391458,21,108,0,1,25246912.030481,48,108,2,1,23031605.800766,
1,1562423282,0.402000,93,136,0,1,39962516.513605,
22,1562423282,0.602000,8,180,0,1,21388552.041580,10,168,0,1,21321608.678677,20,180,0,1,22118524.803607,55,148,0,1,21287272.383074,18,164,0,1,22587014.010105,27,176,0,1,21651846.720309,56,144,0,1,19793457.928699,40,144,0,1,20723603.452522,11,160,0,1,23897946.331407,15,84,0,1,25064997.070390,74,156,0,12,25160514.770262,68,172,0,12,23946771.157457,64,164,0,12,25823124.945354,33,156,0,1,20783173.178907,49,164,0,1,21910164.641076,86,152,0,12,26777755.440207,47,172,0,1,22862980.462124,80,120,0,12,27601104.491862,39,60,0,1,23898820.003246,32,140,0,1,24864085.489163,21,112,0,1,25247023.502472,48,108,2,1,23031558.615377,
1,1562423282,0.602000,93,136,0,1,39962513.163163,
22,1562423282,0.802000,8,180,0,1,21388522.899717,10,164,0,1,21321618.136695,20,180,0,1,22118607.308237,55,148,0,1,21287381.900641,18,164,0,1,22586888.298736,27,176,0,1,21651922.140150,56,144,0,1,19793442.572508,40,144,0,1,20723645.751850,11,160,0,1,23897804.949743,15,84,0,1,25065097.234640,74,156,0,12,25160432.091130,68,172,0,12,23946798.414697,64,164,0,12,25823044.081045,33,156,0,1,20783073.782466,49,164,0,1,21910032.368426,86,152,0,12,26777819.657009,47,172,0,1,22863068.236719,80,120,0,12,27601067.078595,39,60,0,1,23898970.738227,32,140,0,1,24863949.866070,21,112,0,1,25247133.124740,48,104,2,1,23031510.766880,
1,1562423282,0.802000,93,136,0,1,39962510.022124,
22,1562423283,0.002000,8,180,0,1,21388493.827654,10,168,0,1,21321627.420211,20,180,0,1,22118689.777966,55,148,0,1,21287491.522909,18,164,0,1,22586762.796770,27,176,0,1,21651997.699593,56,144,0,1,19793427.181416,40,144,0,1,20723688.016277,11,160,0,1,23897663.533179,15,80,0,1,25065196.142474,74,156,0,12,25160349.621401,68,172,0,12,23946825.846439,64,164,0,12,25822963.181836,33,156,0,1,20782974.351126,49,164,0,1,21909900.130676,86,152,0,12,26777883.873810,47,172,0,1,22863155.976414,80,120,0,12,27601029.351224,39,60,0,1,23899120.740299,32,140,0,1,24863813.928874,21,112,0,1,25247242.607406,48,104,2,1,23031463.302288,
1,1562423283,0.002000,93,136,0,1,39962506.811284,
22,1562423283,0.202000,8,180,0,1,21388464.615990,10,168,0,1,21321636.948030,20,180,0,1,22118772.352396,55,148,0,1,21287601.249878,18,164,0,1,22586637.294804,27,176,0,1,21652073.154334,56,144,0,1,19793411.685622,40,140,0,1,20723730.350506,11,160,0,1,23897522.186415,15,80,0,1,25065295.504013,74,156,0,12,25160266.942270,68,172,0,12,23946853.138580,64,164,0,12,25822882.317527,33,156,0,1,20782875.164088,49,164,0,1,21909767.823125,86,152,0,12,26777948.055711,47,172,0,1,22863243.611407,80,116,0,12,27600988.482814,39,64,0,1,23899269.660457,32,140,0,1,24863678.166180,21,112,0,1,25247352.578678,48,104,2,1,23031415.558492,
1,1562423283,0.202000,93,136,0,1,39962503.425941,
22,1562423283,0.402000,8,180,0,1,21388435.718429,10,168,0,1,21321646.301346,20,180,0,1,22118854.822125,55,148,0,1,21287710.872146,18,164,0,1,22586511.688137,27,176,0,1,21652148.713777,56,148,0,1,19793396.154929,40,140,0,1,20723772.614933,11,160,0,1,23897380.734950,15,76,0,1,25065395.947467,74,156,0,12,25160184.228237,68,172,0,12,23946880.430720,64,164,0,12,25822801.348517,33,156,0,1,20782775.767648,49,164,0,1,21909635.690076,86,152,0,12,26778012.202711,47,172,0,1,22863331.176600,80,116,0,12,27600949.673530,39,64,0,1,23899419.906832,32,140,0,1,24863542.368586,21,112,0,1,25247462.061345,48,104,2,1,23031368.198601,
1,1562423283,0.402000,93,136,0,1,39962500.075499,
22,1562423283,0.602000,8,180,0,1,21388406.681267,10,164,0,1,21321655.689564,20,180,0,1,22118937.256954,55,148,0,1,21287820.529314,18,164,0,1,22586385.976768,27,176,0,1,21652224.238320,56,144,0,1,19793380.659135,40,140,0,1,20723814.879360,11,160,0,1,23897239.318385,15,76,0,1,25065495.658011,74,156,0,12,25160101.374604,68,172,0,12,23946907.583259,64,164,0,12,25822720.379506,33,156,0,1,20782676.475909,49,164,0,1,21909503.522127,86,152,0,12,26778076.419513,47,168,0,1,22863418.986096,80,116,0,12,27600909.084323,39,64,0,1,23899570.572012,32,136,0,1,24863406.640792,21,112,0,1,25247571.334608,48,104,0,1,23031319.407792,
1,1562423283,0.602000,93,136,0,1,39962496.829759,
22,1562423283,0.802000,8,180,0,1,21388377.609204,10,164,0,1,21321665.252283,20,180,0,1,22119019.970986,55,148,0,1,21287930.151582,18,164,0,1,22586260.370101,27,176,0,1,21652299.867563,56,144,0,1,19793365.233143,40,140,0,1,20723857.178688,11,160,0,1,23897097.727319,15,76,0,1,25065596.031663,74,156,0,12,25160018.800173,68,172,0,12,23946934.980101,64,164,0,12,25822639.340695,33,156,0,1,20782577.149270,49,164,0,1,21909371.423979,86,152,0,12,26778140.601413,47,168,0,1,22863506.795591,80,116,0,12,27600868.006511,39,68,0,1,23899720.853287,32,136,0,1,24863270.878098,21,108,0,1,25247681.305880,48,104,0,1,23031271.419694,
1,1562423283,0.802000,93,136,0,1,39962493.549118,
22,1562423284,0.002000,8,180,0,1,21388348.711643,10,164,0,1,21321674.640500,20,180,0,1,22119102.510516,55,148,0,1,21288039.738949,18,164,0,1,22586134.903035,27,176,0,1,21652375.357205,56,144,0,1,19793349.876951,40,140,0,1,20723899.303514,11,160,0,1,23896956.380555,15,76,0,1,25065696.789221,74,156,0,12,25159936.051241,68,172,0,12,23946962.237341,64,164,0,12,25822558.371685,33,156,0,1,20782477.892431,49,164,0,1,21909239.116428,86,152,0,12,26778205.167219,47,168,0,1,22863594.605087,80,116,0,12,27600830.104638,39,68,0,1,23899872.181575,32,136,0,1,24863134.940902,21,108,0,1,25247790.195239,48,100,0,1,23031223.291993,
1,1562423284,0.002000,93,132,0,1,39962490.093975,
22,1562423284,0.202000,8,180,0,1,21388319.918784,10,164,0,1,21321683.889115,20,180,0,1,22119185.119847,55,148,0,1,21288149.431018,18,164,0,1,22586009.540671,27,176,0,1,21652450.881748,56,148,0,1,19793334.450959,40,140,0,1,20723941.567941,11,156,0,1,23896814.859289,15,76,0,1,25065797.302475,74,156,0,12,25159853.476810,68,172,0,12,23946989.738884,64,164,0,12,25822477.402675,33,156,0,1,20782378.635593,49,164,0,1,21909106.913578,86,152,0,12,26778269.698124,47,168,0,1,22863682.484384,80,116,0,12,27600788.503319,39,68,0,1,23900022.183647,32,132,0,1,24862998.933905,21,108,0,1,25247899.503403,48,100,0,1,23031176.211306,
1,1562423284,0.202000,93,132,0,1,39962486.883135,
22,1562423284,0.402000,8,180,0,1,21388290.951423,10,164,0,1,21321693.277333,20,180,0,1,22119267.659377,55,148,0,1,21288259.192888,18,164,0,1,22585883.934004,27,176,0,1,21652526.336489,56,148,0,1,19793319.129668,40,140,0,1,20723983.937070,11,156,0,1,23896673.442725,15,76,0,1,25065897.815729,74,156,0,12,25159770.588276,68,172,0,12,23947016.926324,64,164,0,12,25822396.398764,33,156,0,1,20782279.239152,49,164,0,1,21908974.745629,86,152,0,12,26778334.159229,47,168,0,1,22863770.224078,80,116,0,12,27600747.949013,39,68,0,1,23900172.290420,32,132,0,1,24862863.066510,21,108,0,1,25248009.020969,48,100,0,1,23031128.432609,
1,1562423284,0.402000,93,132,0,1,39962483.462892,
22,1562423284,0.602000,8,180,0,1,21388261.984061,10,164,0,1,21321702.595749,20,180,0,1,22119350.094205,55,148,0,1,21288368.745355,18,164,0,1,22585758.432038,27,176,0,1,21652601.721430,56,148,0,1,19793303.703675,40,140,0,1,20724026.306199,11,156,0,1,23896532.061060,15,76,0,1,25065999.201494,74,156,0,12,25159687.978945,68,172,0,12,23947043.904360,64,164,0,12,25822315.325052,33,156,0,1,20782179.947413,49,164,0,1,21908842.472979,86,152,0,12,26778398.515632,47,168,0,1,22863857.963773,80,116,0,12,27600708.092715,39,72,0,1,23900322.292492,32,132,0,1,24862727.303816,21,108,0,1,25248119.655350,48,100,0,1,23031080.653913,
1,1562423284,0.602000,93,132,0,1,39962480.007749,
22,1562423284,0.802000,8,180,0,1,21388232.772397,10,164,0,1,21321711.983966,20,180,0,1,22119432.668636,55,148,0,1,21288478.332722,18,164,0,1,22585633.104574,27,176,0,1,21652677.176171,56,148,0,1,19793288.347483,40,140,0,1,20724068.465925,11,160,0,1,23896390.679396,15,76,0,1,25066100.308056,74,160,0,12,25159605.579017,68,172,0,12,23947071.336102,64,164,0,12,25822234.251341,33,156,0,1,20782080.690575,49,164,0,1,21908710.270129,86,152,0,12,26778462.941835,47,168,0,1,22863945.703468,80,116,0,12,27600668.550522,39,72,0,1,23900472.329464,32,132,0,1,24862591.366619,21,108,0,1,25248228.265505,48,100,0,1,23031031.723503,
1,1562423284,0.802000,93,132,0,1,39962476.657307,
22,1562423285,0.002000,8,180,0,1,21388204.014438,10,164,0,1,21321721.232581,20,180,0,1,22119515.173265,55,148,0,1,21288587.989890,18,164,0,1,22585507.497907,27,176,0,1,21652752.596012,56,148,0,1,19793272.851690,40,140,0,1,20724110.765252,11,160,0,1,23896249.367533,15,80,0,1,25066202.426730,74,160,0,12,25159523.039487,68,172,0,12,23947098.698044,64,164,0,12,25822153.177629,33,156,0,1,20781981.398836,49,164,0,1,21908578.032379,86,152,0,12,26778527.368039,47,172,0,1,22864033.373362,80,116,0,12,27600631.695662,39,76,0,1,23900622.366436,32,136,0,1,24862455.324722,21,108,0,1,25248338.481080,48,100,0,1,23030983.526001,
1,1562423285,0.002000,93,132,0,1,39962473.132363,
22,1562423285,0.202000,8,180,0,1,21388175.151778,10,164,0,1,21321730.585898,20,180,0,1,22119597.712795,55,148,0,1,21288697.681959,18,164,0,1,22585382.030841,27,176,0,1,21652827.980953,56,148,0,1,19793257.425698,40,136,0,1,20724153.064580,11,160,0,1,23896108.230172,15,80,0,1,25066303.428590,74,160,0,12,25159440.604659,68,172,0,12,23947126.059985,64,164,0,12,25822072.103917,33,156,0,1,20781882.072197,49,164,0,1,21908445.829529,86,152,0,12,26778591.829144,47,172,0,1,22864121.252658,80,116,0,12,27600596.306621,39,76,0,1,23900772.403408,32,148,0,1,24862319.352625,21,108,0,1,25248448.522153,48,100,0,1,23030935.747305,
1,1562423285,0.202000,93,132,0,1,39962469.747021,
22,1562423285,0.402000,8,180,0,1,21388146.009914,10,164,0,1,21321740.078817,20,180,0,1,22119680.147624,55,148,0,1,21288807.339127,18,164,0,1,22585256.598676,27,176,0,1,21652903.505495,56,148,0,1,19793242.104406,40,136,0,1,20724195.329008,11,160,0,1,23895966.743806,15,80,0,1,25066405.477463,74,160,0,12,25159357.960427,68,172,0,12,23947153.282325,64,164,0,12,25821991.065106,33,156,0,1,20781782.710657,49,164,0,1,21908313.661580,86,152,0,12,26778656.360049,47,172,0,1,22864208.992353,80,116,0,12,27600559.347059,39,76,0,1,23900923.103488,32,148,0,1,24862183.345628,21,108,0,1,25248557.865218,48,100,0,1,23030887.689405,
1,1562423285,0.402000,93,132,0,1,39962466.291878,
22,1562423285,0.602000,8,180,0,1,21388117.077453,10,164,0,1,21321749.432133,20,180,0,1,22119762.756954,55,148,0,1,21288916.891594,18,164,0,1,22585130.922208,27,176,0,1,21652979.064938,56,148,0,1,19793226.678414,40,136,0,1,20724237.523634,11,160,0,1,23895825.257441,15,76,0,1,25066506.025618,74,160,0,12,25159275.281296,68,172,0,12,23947180.365063,64,164,0,12,25821909.921594,33,156,0,1,20781683.488719,49,164,0,1,21908181.563432,86,152,0,12,26778720.960755,47,172,0,1,22864296.766948,80,116,0,12,27600521.863992,39,72,0,1,23901073.419664,32,148,0,1,24862047.268830,21,108,0,1,25248665.358559,48,96,0,1,23030839.247601,
1,1562423285,0.602000,93,132,0,1,39962462.801834,
22,1562423285,0.802000,8,180,0,1,21388088.075191,10,164,0,1,21321758.925052,20,180,0,1,22119845.191783,55,148,0,1,21289026.409161,18,164,0,1,22585005.385342,27,176,0,1,21653054.659281,56,148,0,1,19793211.217521,40,136,0,1,20724279.927663,11,160,0,1,23895683.980478,15,76,0,1,25066605.875764,74,160,0,12,25159192.706865,68,172,0,12,23947207.447801,64,164,0,12,25821828.847882,33,156,0,1,20781584.301681,49,164,0,1,21908049.325682,86,152,0,12,26778785.421859,47,172,0,1,22864384.506643,80,120,0,12,27600482.007694,39,68,0,1,23901223.700939,32,148,0,1,24861911.436335,21,108,0,1,25248773.864013,48,96,0,1,23030791.538706,
1,1562423285,0.802000,93,132,0,1,39962459.486293,
22,1562423286,0.002000,8,180,0,1,21388059.003128,10,164,0,1,21321768.313269,20,180,0,1,22119927.591711,55,148,0,1,21289135.926727,18,164,0,1,22584879.848475,27,176,0,1,21653130.148923,56,148,0,1,19793195.756628,40,136,0,1,20724322.157190,11,160,0,1,23895542.529013,15,76,0,1,25066706.877624,74,156,0,12,25159110.027734,68,172,0,12,23947235.054045,64,164,0,12,25821747.809071,33,156,0,1,20781485.044843,49,164,0,1,21907917.087932,86,152,0,12,26778849.952764,47,172,0,1,22864472.316139,80,120,0,12,27600444.210523,39,68,0,1,23901373.563409,32,148,0,1,24861775.429338,21,108,0,1,25248881.776159,48,96,0,1,23030743.480806,
1,1562423286,0.002000,93,132,0,1,39962456.066050,
22,1562423286,0.202000,8,180,0,1,21388029.965966,10,164,0,1,21321777.666586,20,180,0,1,22120010.235942,55,148,0,1,21289245.548995,18,164,0,1,22584754.102206,27,176,0,1,21653205.603665,56,148,0,1,19793180.365536,40,136,0,1,20724364.456518,11,160,0,1,23895401.182250,15,76,0,1,25066807.565381,74,160,0,12,25159027.383503,68,172,0,12,23947262.381086,64,164,0,12,25821666.770260,33,156,0,1,20781385.718203,49,164,0,1,21907784.885082,86,152,0,12,26778914.274267,47,172,0,1,22864560.230336,80,120,0,12,27600402.050797,39,64,0,1,23901524.158788,32,144,0,1,24861639.352540,21,108,0,1,25248990.456116,48,92,0,1,23030695.737010,
1,1562423286,0.202000,93,132,0,1,39962452.610907,
22,1562423286,0.402000,8,180,0,1,21388000.859003,10,164,0,1,21321787.054803,20,180,0,1,22120092.775472,55,148,0,1,21289355.345765,18,164,0,1,22584628.565340,27,176,0,1,21653281.023506,56,148,0,1,19793165.044245,40,136,0,1,20724406.720945,11,160,0,1,23895259.870386,15,76,0,1,25066908.951146,74,160,0,12,25158944.599670,68,172,0,12,23947289.568525,64,164,0,12,25821585.731449,33,156,0,1,20781286.461365,49,164,0,1,21907652.577531,86,152,0,12,26778978.525969,47,172,0,1,22864647.830429,80,120,0,12,27600361.182387,39,64,0,1,23901673.358150,32,144,0,1,24861503.275742,21,104,0,1,25249099.764279,48,92,0,1,23030648.865725,
1,1562423286,0.402000,93,132,0,1,39962449.155764,
22,1562423286,0.602000,8,180,0,1,21387971.891641,10,164,0,1,21321796.373219,20,180,0,1,22120175.210301,55,148,0,1,21289465.072734,18,164,0,1,22584502.923772,27,172,0,1,21653356.338646,56,148,0,1,19793149.583352,40,136,0,1,20724448.985373,11,160,0,1,23895118.488722,15,76,0,1,25067009.569101,74,156,0,12,25158861.746036,68,172,0,12,23947316.825766,64,164,0,12,25821504.727538,33,156,0,1,20781187.134725,49,164,0,1,21907520.409582,86,152,0,12,26779042.952173,47,172,0,1,22864735.535223,80,120,0,12,27600325.339640,39,60,0,1,23901823.744126,32,144,0,1,24861367.198944,21,108,0,1,25249209.491249,48,92,0,1,23030600.563523,
1,1562423286,0.602000,93,132,0,1,39962445.735521,
22,1562423286,0.802000,8,180,0,1,21387942.889380,10,164,0,1,21321805.866137,20,180,0,1,22120257.749831,55,148,0,1,21289574.660102,18,164,0,1,22584377.247304,27,172,0,1,21653431.793387,56,148,0,1,19793134.262061,40,136,0,1,20724491.214900,11,160,0,1,23894977.211759,15,76,0,1,25067110.047455,74,156,0,12,25158779.032004,68,172,0,12,23947343.803802,64,164,0,12,25821423.898129,33,156,0,1,20781087.842986,49,164,0,1,21907388.102031,86,152,0,12,26779107.308576,47,168,0,1,22864823.135316,80,120,0,12,27600289.531793,32,144,0,1,24861231.052346,21,108,0,1,25249319.078616,48,92,0,1,23030552.400922,93,128,0,1,39962442.385080,
22,1562423287,0.002000,8,180,0,1,21387913.922018,10,164,0,1,21321815.044952,20,180,0,1,22120340.324261,55,144,0,1,21289684.352170,18,164,0,1,22584251.535935,27,172,0,1,21653507.422631,56,148,0,1,19793118.801168,40,136,0,1,20724533.514227,11,160,0,1,23894835.934797,15,76,0,1,25067210.525809,74,156,0,12,25158696.248171,68,172,0,12,23947371.200644,64,164,0,12,25821342.998920,33,156,0,1,20780988.551247,49,164,0,1,21907255.864281,86,152,0,12,26779171.490477,47,168,0,1,22864910.770310,80,120,0,12,27600248.314378,32,144,0,1,24861094.975548,21,108,0,1,25249427.898174,48,92,0,1,23030504.028918,93,128,0,1,39962438.929937,
22,1562423287,0.202000,8,180,0,1,21387884.954657,10,164,0,1,21321824.433169,20,180,0,1,22120422.898691,55,144,0,1,21289793.974438,18,164,0,1,22584126.033969,27,172,0,1,21653583.051875,56,148,0,1,19793103.514777,40,136,0,1,20724575.848456,11,160,0,1,23894694.588033,15,76,0,1,25067311.841773,74,160,0,12,25158613.499238,68,172,0,12,23947398.492785,64,164,0,12,25821261.995009,33,156,0,1,20780889.329309,49,164,0,1,21907123.591631,86,152,0,12,26779235.777079,47,168,0,1,22864998.544905,80,120,0,12,27600208.004375,32,144,0,1,24860959.038352,21,108,0,1,25249536.508329,48,92,0,1,23030456.075720,93,128,0,1,39962435.370092,
22,1562423287,0.402000,8,180,0,1,21387856.091997,10,164,0,1,21321833.786486,20,180,0,1,22120505.508022,55,144,0,1,21289903.596706,18,160,0,1,22584000.462202,27,172,0,1,21653658.506616,56,148,0,1,19793088.053884,40,136,0,1,20724618.217584,11,160,0,1,23894553.171468,15,80,0,1,25067414.204750,74,160,0,12,25158530.785206,68,172,0,12,23947425.924527,64,164,0,12,25821181.060899,33,156,0,1,20780790.177172,49,164,0,1,21906991.388781,86,152,0,12,26779300.412685,47,168,0,1,22865086.144998,80,120,0,12,27600168.915888,32,144,0,1,24860823.101155,21,104,0,1,25249645.397688,48,92,0,1,23030407.319812,93,128,0,1,39962431.949849,
22,1562423287,0.602000,8,180,0,1,21387827.054834,10,164,0,1,21321843.104902,20,180,0,1,22120587.942851,55,144,0,1,21290013.149173,18,160,0,1,22583874.890435,27,172,0,1,21653734.066059,56,148,0,1,19793072.627892,40,136,0,1,20724660.586713,11,160,0,1,23894411.859605,15,84,0,1,25067515.869719,74,160,0,12,25158448.350378,68,172,0,12,23947453.146867,64,164,0,12,25821100.301291,33,156,0,1,20780690.885433,49,164,0,1,21906859.011429,86,152,0,12,26779364.803989,47,168,0,1,22865173.919593,80,120,0,12,27600133.561747,32,144,0,1,24860687.198860,21,104,0,1,25249754.915254,48,92,0,1,23030359.227011,93,128,0,1,39962428.564507,
22,1562423287,0.802000,8,180,0,1,21387798.122373,10,164,0,1,21321852.528020,20,180,0,1,22120670.517281,55,144,0,1,21290122.736541,18,160,0,1,22583749.318669,27,172,0,1,21653809.800004,56,148,0,1,19793057.376401,40,136,0,1,20724703.095443,11,160,0,1,23894270.512841,15,84,0,1,25067617.115882,74,160,0,12,25158365.706146,68,172,0,12,23947480.369206,64,164,0,12,25821019.471883,33,156,0,1,20780591.663495,49,164,0,1,21906726.773679,86,152,0,12,26779429.230193,47,168,0,1,22865261.624388,80,120,0,12,27600096.218281,32,144,0,1,24860551.331464,21,104,0,1,25249863.979115,48,92,0,1,23030312.006722,93,128,0,1,39962425.214065,
22,1562423288,0.002000,8,180,0,1,21387769.224813,10,164,0,1,21321861.846436,20,180,0,1,22120752.952110,55,144,0,1,21290232.358808,18,164,0,1,22583623.712001,27,176,0,1,21653885.394347,56,148,0,1,19793042.055110,40,136,0,1,20724745.499472,11,160,0,1,23894129.200978,15,84,0,1,25067718.466747,74,160,0,12,25158283.341119,68,172,0,12,23947507.731148,64,164,0,12,25820938.642474,33,156,0,1,20780492.371756,49,164,0,1,21906594.570830,86,152,0,12,26779493.377193,47,168,0,1,22865349.294282,80,120,0,12,27600055.210269,32,148,0,1,24860415.568770,21,104,0,1,25249973.217478,48,88,0,1,23030264.577030,93,128,0,1,39962421.793823,
22,1562423288,0.202000,8,180,0,1,21387740.187650,10,164,0,1,21321871.199753,20,180,0,1,22120835.386938,55,144,0,1,21290341.946176,18,164,0,1,22583498.244936,27,176,0,1,21653960.918889,56,148,0,1,19793026.768720,40,136,0,1,20724787.868601,11,160,0,1,23893987.993816,15,84,0,1,25067822.121040,74,160,0,12,25158200.731788,68,172,0,12,23947534.744085,64,164,0,12,25820857.743265,33,156,0,1,20780393.254519,49,164,0,1,21906462.367980,86,152,0,12,26779557.733596,47,168,0,1,22865437.068877,80,120,0,12,27600012.561937,32,148,0,1,24860279.910778,21,104,0,1,25250082.735045,48,88,0,1,23030216.763434,93,128,0,1,39962418.373580,
22,1562423288,0.402000,8,180,0,1,21387711.255189,10,164,0,1,21321880.622870,20,180,0,1,22120917.996269,55,144,0,1,21290451.498643,18,160,0,1,22583372.742970,27,176,0,1,21654036.373631,56,148,0,1,19793011.307827,40,136,0,1,20724830.237730,11,160,0,1,23893846.507451,15,84,0,1,25067924.135013,74,160,0,12,25158118.017756,68,172,0,12,23947562.245628,64,164,0,12,25820776.774255,33,156,0,1,20780294.102382,49,164,0,1,21906330.025529,86,152,0,12,26779622.020198,47,168,0,1,22865524.738771,80,120,0,12,27599969.739102,32,148,0,1,24860144.113183,21,104,0,1,25250192.427113,48,88,0,1,23030167.833023,93,128,0,1,39962415.092939,
22,1562423288,0.602000,8,180,0,1,21387682.322728,10,164,0,1,21321889.941287,20,180,0,1,22121000.570699,55,144,0,1,21290561.190711,18,164,0,1,22583247.241004,27,176,0,1,21654112.037775,56,148,0,1,19792995.986535,40,136,0,1,20724872.606858,11,160,0,1,23893704.811683,15,84,0,1,25068026.916795,74,160,0,12,25158035.268823,68,172,0,12,23947589.572669,64,164,0,12,25820695.630742,33,156,0,1,20780194.985146,49,164,0,1,21906197.822679,86,152,0,12,26779686.411502,47,168,0,1,22865612.513366,80,120,0,12,27599932.709740,32,148,0,1,24860008.315589,21,104,0,1,25250302.468186,48,88,0,1,23030119.984526,93,128,0,1,39962411.672696,
22,1562423288,0.802000,8,180,0,1,21387653.425168,10,164,0,1,21321899.329504,20,180,0,1,22121083.040429,55,144,0,1,21290670.812979,18,164,0,1,22583121.669237,27,176,0,1,21654187.736820,56,148,0,1,19792980.630344,40,136,0,1,20724914.906186,11,160,0,1,23893563.499819,15,84,0,1,25068129.279773,74,160,0,12,25157952.694393,68,172,0,12,23947616.864809,64,164,0,12,25820614.557030,33,156,0,1,20780095.798108,49,164,0,1,21906065.654730,86,152,0,12,26779750.733004,47,172,0,1,22865700.253061,80,120,0,12,27599891.771530,32,148,0,1,24859872.622695,21,108,0,1,25250411.985753,48,88,0,1,23030071.996427,93,128,0,1,39962408.182653,
22,1562423289,0.002000,8,180,0,1,21387624.457806,10,164,0,1,21321908.752621,20,180,0,1,22121165.510158,55,144,0,1,21290780.470148,18,164,0,1,22582996.341773,27,176,0,1,21654263.331163,56,148,0,1,19792965.343953,40,136,0,1,20724957.275315,11,160,0,1,23893421.978554,15,80,0,1,25068230.037330,74,160,0,12,25157870.294465,68,172,0,12,23947644.331452,64,164,0,12,25820533.064514,33,156,0,1,20779996.611070,49,164,0,1,21905933.451881,86,152,0,12,26779815.194109,47,172,0,1,22865788.237059,80,120,0,12,27599856.382488,32,148,0,1,24859737.069404,21,104,0,1,25250521.014713,48,88,0,1,23030023.240519,93,128,0,1,39962404.762410,
