obsCount, time1, time2, sat, SNR, LLI, code,P
22,1553680988,0.995000,13,160,0,1,19727803.406853,15,164,0,1,19285389.641919,28,152,0,1,20024507.906011,17,152,0,1,21136022.716279,20,124,2,1,21509049.546870,42,152,0,1,20638700.172369,84,136,0,12,21517556.569693,34,164,0,1,18356981.088132,67,148,0,12,20706765.741738,61,140,0,12,22454119.475553,62,136,0,12,24331570.184138,71,92,0,12,23180230.242641,52,128,0,1,19988050.402178,44,144,0,1,18667862.988568,33,96,0,1,20519705.359118,18,104,0,1,22536600.086752,43,164,0,1,17597607.968504,24,164,0,1,20294844.183853,66,116,0,12,24808372.691817,11,96,0,1,22302712.427707,10,132,0,1,22235612.361848,35,120,0,1,20975966.292071,
1,1553680988,0.995000,19,88,0,1,22432184.562530,
22,1553680989,0.195000,13,160,0,1,19727898.091734,15,164,0,1,19285421.052311,28,152,0,1,20024580.219713,17,152,0,1,21135929.706619,20,124,2,1,21509063.559395,42,152,0,1,20638837.802237,84,136,0,12,21517597.944160,34,164,0,1,18356980.110920,67,148,0,12,20706782.214743,61,140,0,12,22454051.576756,62,136,0,12,24331677.974133,71,92,0,12,23180199.966513,52,128,0,1,19988012.692258,44,144,0,1,18667764.150535,33,96,0,1,20519861.468766,18,104,0,1,22536563.668147,43,164,0,1,17597629.100718,24,164,0,1,20294735.294494,66,116,0,12,24808286.365589,11,100,0,1,22302699.113191,10,132,0,1,22235548.528952,35,120,0,1,20975830.564277,
22,1553680989,0.395000,13,160,0,1,19727992.794066,15,164,0,1,19285452.497603,28,152,0,1,20024652.533416,17,152,0,1,21135836.662058,20,124,2,1,21509077.694071,42,152,0,1,20638975.397204,84,136,0,12,21517639.528028,34,164,0,1,18356979.203509,67,148,0,12,20706798.617948,61,140,0,12,22453983.765210,62,136,0,12,24331785.799028,71,92,0,12,23180169.585684,52,128,0,1,19987974.999787,44,144,0,1,18667665.504454,33,96,0,1,20520017.438812,18,104,0,1,22536527.511296,43,164,0,1,17597650.285282,24,164,0,1,20294626.370235,66,116,0,12,24808200.213864,11,100,0,1,22302685.746324,10,132,0,1,22235484.469202,35,124,0,1,20975693.161263,
22,1553680989,0.595000,13,160,0,1,19728087.478947,15,164,0,1,19285483.838194,28,152,0,1,20024724.899469,17,152,0,1,21135743.600047,20,124,2,1,21509090.450180,42,152,0,1,20639113.044521,84,136,0,12,21517680.937395,34,164,0,1,18356978.453149,67,148,0,12,20706814.986252,61,140,0,12,22453915.988564,62,136,0,12,24331893.711175,71,92,0,12,23180138.855851,52,128,0,1,19987937.324767,44,144,0,1,18667566.753672,33,96,0,1,20520174.019616,18,104,0,1,22536490.045679,43,164,0,1,17597671.522197,24,164,0,1,20294517.480877,66,116,0,12,24808115.876962,11,100,0,1,22302672.431808,10,132,0,1,22235420.514154,35,120,0,1,20975554.432032,
22,1553680989,0.795000,13,160,0,1,19728182.251080,15,164,0,1,19285515.283486,28,152,0,1,20024797.195721,17,152,0,1,21135650.485685,20,124,2,1,21509104.026450,42,152,0,1,20639250.499886,84,136,0,12,21517722.329312,34,164,0,1,18356977.563188,67,148,0,12,20706831.424357,61,140,0,12,22453848.229369,62,136,0,12,24332001.658222,71,92,0,12,23180107.654861,52,128,0,1,19987899.545046,44,144,0,1,18667467.950539,33,96,0,1,20520330.146714,18,104,0,1,22536453.557273,43,164,0,1,17597692.654411,24,164,0,1,20294408.469366,66,116,0,12,24808028.364120,11,100,0,1,22302658.105179,10,132,0,1,22235356.594007,35,120,0,1,20975415.894753,
22,1553680989,0.995000,13,160,0,1,19728276.918511,15,164,0,1,19285546.693878,28,152,0,1,20024869.509423,17,152,0,1,21135557.423674,20,124,2,1,21509118.126225,42,152,0,1,20639387.990152,84,136,0,12,21517763.756129,34,164,0,1,18356976.795379,67,148,0,12,20706847.845012,61,140,0,12,22453780.452723,62,136,0,12,24332109.709970,71,92,0,12,23180078.059292,52,128,0,1,19987861.887476,44,148,0,1,18667369.182306,33,96,0,1,20520485.942258,18,104,0,1,22536416.911816,43,164,0,1,17597713.734274,24,164,0,1,20294299.545107,66,116,0,12,24807940.955979,11,100,0,1,22302645.104767,10,132,0,1,22235292.673859,35,124,0,1,20975278.509189,
22,1553680990,0.195000,13,160,0,1,19728371.585942,15,164,0,1,19285578.086820,28,152,0,1,20024941.858026,17,152,0,1,21135464.501264,20,124,2,1,21509131.876997,42,152,0,1,20639525.567668,84,136,0,12,21517805.235296,34,164,0,1,18356975.940318,67,148,0,12,20706864.283117,61,140,0,12,22453712.710978,62,136,0,12,24332217.726818,71,92,0,12,23180047.172407,52,128,0,1,19987824.264807,44,148,0,1,18667270.396624,33,96,0,1,20520642.837165,18,104,0,1,22536379.812653,43,164,0,1,17597734.918839,24,164,0,1,20294190.673199,66,116,0,12,24807851.436362,11,100,0,1,22302632.732563,10,132,0,1,22235228.683911,35,124,0,1,20975142.048486,
22,1553680990,0.395000,13,160,0,1,19728466.235923,15,164,0,1,19285609.514662,28,152,0,1,20025014.206629,17,152,0,1,21135371.509054,20,124,2,1,21509146.814383,42,152,0,1,20639663.075384,84,136,0,12,21517846.836615,34,164,0,1,18356975.155058,67,148,0,12,20706880.529270,61,140,0,12,22453644.934332,62,136,0,12,24332325.534263,71,92,0,12,23180016.861379,52,128,0,1,19987786.467635,44,148,0,1,18667171.715642,33,96,0,1,20520799.609922,18,104,0,1,22536343.568551,43,164,0,1,17597756.190654,24,164,0,1,20294081.766390,66,116,0,12,24807762.230849,11,100,0,1,22302619.679800,10,132,0,1,22235164.659062,35,124,0,1,20975005.640134,
22,1553680990,0.595000,13,160,0,1,19728561.112757,15,164,0,1,19285640.977405,28,152,0,1,20025086.625032,17,152,0,1,21135278.569194,20,124,2,1,21509161.734320,42,152,0,1,20639800.548200,84,136,0,12,21517888.211081,34,164,0,1,18356974.439599,67,148,0,12,20706896.810323,61,140,0,12,22453577.175136,62,136,0,12,24332433.411509,71,96,0,12,23179986.044294,52,128,0,1,19987748.653013,44,144,0,1,18667072.982310,33,96,0,1,20520955.981323,18,104,0,1,22536306.975444,43,164,0,1,17597777.375218,24,164,0,1,20293972.946832,66,116,0,12,24807675.328765,11,100,0,1,22302606.627037,10,132,0,1,22235100.773815,35,124,0,1,20974867.434410,
22,1553680990,0.795000,13,164,0,1,19728655.797639,15,164,0,1,19285672.370347,28,148,0,1,20025158.921284,17,152,0,1,21135185.559534,20,124,2,1,21509177.753619,42,152,0,1,20639938.143166,84,136,0,12,21517929.794950,34,164,0,1,18356973.567088,67,148,0,12,20706913.318229,61,140,0,12,22453509.381041,62,136,0,12,24332541.358556,71,92,0,12,23179955.331911,52,128,0,1,19987711.030344,44,148,0,1,18666974.057026,33,96,0,1,20521111.724516,18,104,0,1,22536269.125922,43,164,0,1,17597798.594683,24,164,0,1,20293864.057473,66,116,0,12,24807590.799910,11,100,0,1,22302593.295070,10,132,0,1,22235036.818767,35,124,0,1,20974729.071633,
22,1553680990,0.995000,13,164,0,1,19728750.499970,15,164,0,1,19285703.798189,28,148,0,1,20025231.147736,17,152,0,1,21135092.549873,20,124,2,1,21509190.963434,42,152,0,1,20640075.720683,84,136,0,12,21517971.343919,34,164,0,1,18356972.712028,67,148,0,12,20706929.651633,61,140,0,12,22453441.604395,62,136,0,12,24332649.427754,71,92,0,12,23179924.253073,52,124,0,1,19987673.337873,44,148,0,1,18666875.253893,33,96,0,1,20521267.589861,18,104,0,1,22536231.799906,43,164,0,1,17597819.883949,24,164,0,1,20293755.255366,66,116,0,12,24807504.037428,11,100,0,1,22302579.928204,10,132,0,1,22234972.968420,35,124,0,1,20974590.115549,
22,1553680991,0.195000,13,164,0,1,19728845.359354,15,164,0,1,19285735.173680,28,148,0,1,20025303.566139,17,156,0,1,21134999.627464,20,128,2,1,21509205.185362,42,152,0,1,20640213.385451,84,136,0,12,21518012.840537,34,164,0,1,18356971.891868,67,148,0,12,20706945.967586,61,140,0,12,22453373.723048,62,136,0,12,24332757.339901,71,92,0,12,23179893.383638,52,128,0,1,19987635.680303,44,148,0,1,18666776.764864,33,100,0,1,20521424.484769,18,100,0,1,22536194.229588,43,164,0,1,17597841.085963,24,164,0,1,20293646.400907,66,116,0,12,24807419.177019,11,104,0,1,22302566.561337,10,128,0,1,22234909.013372,35,124,0,1,20974453.532695,
22,1553680991,0.395000,13,164,0,1,19728940.096586,15,164,0,1,19285766.636423,28,148,0,1,20025375.932192,17,156,0,1,21134906.670154,20,128,2,1,21509218.691830,42,152,0,1,20640350.893167,84,136,0,12,21518054.459306,34,164,0,1,18356971.019357,67,148,0,12,20706962.370791,61,140,0,12,22453305.998753,62,136,0,12,24332865.252047,71,92,0,12,23179862.915558,52,128,0,1,19987598.005283,44,148,0,1,18666678.031532,33,100,0,1,20521581.222624,18,100,0,1,22536157.043173,43,164,0,1,17597862.287978,24,164,0,1,20293537.598800,66,120,0,12,24807330.948718,11,104,0,1,22302553.072319,10,128,0,1,22234845.023424,35,124,0,1,20974315.641074,
22,1553680991,0.595000,13,164,0,1,19729034.816368,15,164,0,1,19285798.064265,28,148,0,1,20025448.315695,17,152,0,1,21134813.608142,20,128,2,1,21509231.064035,42,152,0,1,20640488.488134,84,136,0,12,21518096.025724,34,164,0,1,18356970.199196,67,148,0,12,20706978.861247,61,140,0,12,22453238.274458,62,136,0,12,24332973.146744,71,92,0,12,23179832.115923,52,128,0,1,19987560.417514,44,148,0,1,18666579.210949,33,100,0,1,20521738.012831,18,100,0,1,22536119.333253,43,164,0,1,17597883.420191,24,164,0,1,20293428.639640,66,116,0,12,24807245.721854,11,104,0,1,22302540.019556,10,128,0,1,22234781.120726,35,124,0,1,20974179.878380,
22,1553680991,0.795000,13,164,0,1,19729129.658301,15,164,0,1,19285829.544458,28,148,0,1,20025520.734099,17,156,0,1,21134720.493781,20,128,2,1,21509244.727555,42,152,0,1,20640626.065650,84,136,0,12,21518137.661944,34,164,0,1,18356969.396486,67,148,0,12,20706995.107400,61,140,0,12,22453170.462912,62,136,0,12,24333080.832037,71,92,0,12,23179801.927047,52,128,0,1,19987522.812295,44,148,0,1,18666480.460167,33,100,0,1,20521894.663435,18,100,0,1,22536081.745484,43,164,0,1,17597904.587306,24,164,0,1,20293319.680481,66,116,0,12,24807156.184787,11,104,0,1,22302526.879542,10,128,0,1,22234717.252929,35,124,0,1,20974043.557279,
22,1553680991,0.995000,13,164,0,1,19729224.378083,15,164,0,1,19285860.972300,28,148,0,1,20025593.065252,17,156,0,1,21134627.501570,20,124,2,1,21509260.380400,42,152,0,1,20640763.625717,84,136,0,12,21518179.263263,34,164,0,1,18356968.733378,67,148,0,12,20707011.493154,61,140,0,12,22453102.529214,62,136,0,12,24333188.691833,71,92,0,12,23179770.987811,52,132,0,1,19987485.172175,44,148,0,1,18666381.657034,33,100,0,1,20522051.610694,18,100,0,1,22536044.838273,43,164,0,1,17597925.789320,24,164,0,1,20293210.791122,66,116,0,12,24807072.650595,11,104,0,1,22302513.756978,10,132,0,1,22234653.332782,35,124,0,1,20973905.892512,
22,1553680992,0.195000,13,164,0,1,19729319.150216,15,164,0,1,19285892.469943,28,148,0,1,20025665.501105,17,156,0,1,21134534.596611,20,124,0,1,21509273.206310,42,152,0,1,20640901.063632,84,136,0,12,21518220.882032,34,164,0,1,18356967.983019,67,148,0,12,20707027.896359,61,140,0,12,22453034.979421,62,136,0,12,24333296.691231,71,92,0,12,23179740.310328,52,128,0,1,19987447.462255,44,148,0,1,18666282.941152,33,100,0,1,20522207.685441,18,100,0,1,22536007.651859,43,164,0,1,17597947.026235,24,164,0,1,20293101.884313,66,116,0,12,24806985.137753,11,104,0,1,22302499.727003,10,132,0,1,22234589.447535,35,124,0,1,20973769.362008,
22,1553680992,0.395000,13,164,0,1,19729413.922348,15,164,0,1,19285923.950136,28,148,0,1,20025737.814808,17,152,0,1,21134441.586950,20,128,0,1,21509287.183935,42,152,0,1,20641038.885451,84,136,0,12,21518262.500802,34,164,0,1,18356967.110508,67,148,0,12,20707044.229763,61,140,0,12,22452967.132974,62,136,0,12,24333404.742979,71,92,0,12,23179709.301291,52,128,0,1,19987409.787235,44,148,0,1,18666184.155470,33,100,0,1,20522364.650150,18,100,0,1,22535970.343294,43,164,0,1,17597968.263150,24,164,0,1,20292992.977504,66,116,0,12,24806899.177980,11,104,0,1,22302486.115833,10,132,0,1,22234525.544837,35,124,0,1,20973632.901305,
22,1553680992,0.595000,13,164,0,1,19729508.729381,15,164,0,1,19285955.465229,28,148,0,1,20025810.215761,17,152,0,1,21134348.542389,20,124,0,1,21509301.632715,42,152,0,1,20641176.480418,84,136,0,12,21518303.875268,34,164,0,1,18356966.412499,67,148,0,12,20707060.685318,61,140,0,12,22452899.461030,62,136,0,12,24333512.672576,71,92,0,12,23179678.466756,52,132,0,1,19987372.216916,44,148,0,1,18666085.369787,33,100,0,1,20522521.806811,18,100,0,1,22535932.807876,43,164,0,1,17597989.569866,24,164,0,1,20292884.175397,66,116,0,12,24806812.799403,11,104,0,1,22302471.824105,10,132,0,1,22234461.624690,35,124,0,1,20973494.486178,
22,1553680992,0.795000,13,164,0,1,19729603.431713,15,164,0,1,19285986.858171,28,148,0,1,20025882.546914,17,156,0,1,21134255.550179,20,124,0,1,21509314.685478,42,152,0,1,20641313.988134,84,136,0,12,21518345.459137,34,164,0,1,18356965.609789,67,148,0,12,20707077.210674,61,140,0,12,22452831.579683,62,136,0,12,24333620.619623,71,92,0,12,23179647.702022,52,128,0,1,19987334.664047,44,148,0,1,18665986.496853,33,100,0,1,20522678.928571,18,100,0,1,22535895.900665,43,164,0,1,17598010.876582,24,164,0,1,20292775.286038,66,116,0,12,24806721.988469,11,104,0,1,22302457.532376,10,132,0,1,22234397.704542,35,124,0,1,20973356.332804,
22,1553680992,0.995000,13,164,0,1,19729698.151495,15,164,0,1,19286018.425615,28,148,0,1,20025954.912967,17,156,0,1,21134162.715021,20,124,0,1,21509331.751791,42,152,0,1,20641451.460949,84,136,0,12,21518387.165157,34,164,0,1,18356964.807079,67,148,0,12,20707093.509177,61,140,0,12,22452763.750687,62,136,0,12,24333728.566670,71,92,0,12,23179617.565496,52,128,0,1,19987297.041378,44,148,0,1,18665887.641370,33,100,0,1,20522834.811366,18,100,0,1,22535859.743814,43,164,0,1,17598032.113497,24,164,0,1,20292666.361779,66,116,0,12,24806637.197861,11,104,0,1,22302443.816505,10,132,0,1,22234333.871646,35,124,0,1,20973217.516322,
22,1553680993,0.195000,13,164,0,1,19729792.906177,15,164,0,1,19286049.975608,28,148,0,1,20026027.244119,17,152,0,1,21134069.687910,20,128,0,1,21509344.158896,42,152,0,1,20641589.143167,84,136,0,12,21518428.766476,34,164,0,1,18356964.178871,67,148,0,12,20707109.929832,61,140,0,12,22452695.974041,62,132,0,12,24333836.496266,71,92,0,12,23179587.097416,52,128,0,1,19987259.401258,44,144,0,1,18665788.855687,33,100,0,1,20522991.706274,18,100,0,1,22535823.307759,43,164,0,1,17598053.298061,24,160,0,1,20292557.524771,66,116,0,12,24806549.056812,11,104,0,1,22302430.275136,10,132,0,1,22234269.916598,35,124,0,1,20973079.659602,
22,1553680993,0.395000,13,164,0,1,19729887.660860,15,164,0,1,19286081.560502,28,148,0,1,20026099.662523,17,152,0,1,21133976.713150,20,124,0,1,21509357.962018,42,152,0,1,20641726.685783,84,140,0,12,21518470.385246,34,164,0,1,18356963.358711,67,148,0,12,20707126.350487,61,140,0,12,22452628.145045,62,132,0,12,24333944.513114,71,96,0,12,23179556.960890,52,128,0,1,19987221.813489,44,144,0,1,18665690.017654,33,100,0,1,20523148.077675,18,100,0,1,22535786.609951,43,164,0,1,17598074.412825,24,160,0,1,20292448.687763,66,116,0,12,24806468.454256,11,108,0,1,22302417.257274,10,132,0,1,22234206.048801,35,124,0,1,20972940.895471,
22,1553680993,0.595000,13,164,0,1,19729982.467893,15,164,0,1,19286113.040695,28,148,0,1,20026172.063476,17,156,0,1,21133883.790740,20,128,0,1,21509372.742352,42,152,0,1,20641864.437802,84,140,0,12,21518512.091266,34,164,0,1,18356962.643252,67,148,0,12,20707142.648991,61,140,0,12,22452560.385849,62,132,0,12,24334052.477611,71,96,0,12,23179527.784126,52,128,0,1,19987184.121019,44,144,0,1,18665591.336673,33,100,0,1,20523305.373938,18,100,0,1,22535749.353736,43,164,0,1,17598095.667190,24,160,0,1,20292339.763504,66,116,0,12,24806379.964202,11,108,0,1,22302403.070247,10,132,0,1,22234142.215904,35,124,0,1,20972803.387755,
22,1553680993,0.795000,13,160,0,1,19730077.257475,15,156,0,1,19286144.538338,28,148,0,1,20026244.429529,17,156,0,1,21133790.763630,20,128,0,1,21509386.475674,42,148,0,1,20642002.032769,84,140,0,12,21518553.692585,34,164,0,1,18356961.892893,67,144,0,12,20707159.104546,61,140,0,12,22452492.591753,62,132,0,12,24334160.145455,71,100,0,12,23179497.106643,52,128,0,1,19987146.498350,44,144,0,1,18665492.638241,33,100,0,1,20523462.495698,18,100,0,1,22535712.481426,43,164,0,1,17598116.956455,24,160,0,1,20292230.839244,66,116,0,12,24806296.150806,11,112,0,1,22302388.935570,10,132,0,1,22234078.295757,35,124,0,1,20972666.037091,
22,1553680993,0.995000,13,160,0,1,19730172.064508,15,156,0,1,19286175.983631,28,148,0,1,20026316.813032,17,156,0,1,21133697.841220,20,128,0,1,21509401.482861,42,148,0,1,20642139.662637,84,144,0,12,21518595.328805,34,164,0,1,18356961.351936,67,144,0,12,20707175.595002,61,136,0,12,22452424.675506,62,132,0,12,24334267.987800,71,100,0,12,23179466.411710,52,128,0,1,19987108.928031,44,144,0,1,18665394.027061,33,100,0,1,20523619.093952,18,100,0,1,22535675.556766,43,164,0,1,17598138.088669,24,160,0,1,20292121.967336,66,116,0,12,24806208.917167,11,116,3,1,22302375.743206,10,132,0,1,22234014.462860,35,124,0,1,20972527.587064,
22,1553680994,0.195000,13,160,0,1,19730266.801740,15,160,0,1,19286207.411473,28,148,0,1,20026389.126735,17,156,0,1,21133604.831560,20,128,0,1,21509415.966542,42,148,0,1,20642277.275054,84,144,0,12,21518636.930124,34,164,0,1,18356960.514326,67,144,0,12,20707192.015657,61,136,0,12,22452356.916310,62,132,0,12,24334376.039549,71,100,0,12,23179436.728890,52,128,0,1,19987071.357712,44,144,0,1,18665295.311179,33,100,0,1,20523775.884159,18,100,0,1,22535638.387802,43,164,0,1,17598159.325584,24,160,0,1,20292013.147778,66,116,0,12,24806119.851256,11,116,2,1,22302362.760244,10,132,0,1,22233950.560163,35,124,0,1,20972391.492815,
1,1553680994,0.195000,19,96,0,1,22428321.991733,
22,1553680994,0.395000,13,160,0,1,19730361.486622,15,164,0,1,19286238.891665,28,156,0,1,20026461.457887,17,156,0,1,21133511.909150,20,128,0,1,21509431.183132,42,148,0,1,20642414.957272,84,144,0,12,21518678.705945,34,160,0,1,18356959.589464,67,144,0,12,20707208.575913,61,136,0,12,22452289.192015,62,132,0,12,24334483.899345,71,100,0,12,23179406.784316,52,128,0,1,19987033.787393,44,144,0,1,18665196.630198,33,100,0,1,20523932.691815,18,100,0,1,22535601.393340,43,164,0,1,17598180.545049,24,164,0,1,20291904.363121,66,116,0,12,24806036.055311,11,120,2,1,22302349.498078,10,132,0,1,22233886.797067,35,128,0,1,20972253.199840,
1,1553680994,0.395000,19,100,0,1,22428172.565519,
22,1553680994,0.595000,13,168,0,1,19730456.398356,15,164,0,1,19286270.476560,28,156,0,1,20026533.998442,17,164,0,1,21133419.004191,20,132,0,1,21509444.445297,42,144,0,1,20642552.656940,84,152,0,12,21518720.359615,34,160,0,1,18356958.874005,67,152,0,12,20707225.101269,61,136,0,12,22452221.502621,62,132,0,12,24334591.654439,71,104,0,12,23179376.420937,52,128,0,1,19986996.129823,44,144,0,1,18665097.827065,33,104,0,1,20524089.551823,18,104,0,1,22535563.997524,43,164,0,1,17598201.816864,24,172,0,1,20291795.561013,66,120,0,12,24805950.496893,11,124,2,1,22302335.747307,10,132,0,1,22233822.964171,35,128,0,1,20972116.372683,
1,1553680994,0.595000,19,100,0,1,22428023.366157,
22,1553680994,0.795000,13,168,0,1,19730551.275190,15,164,0,1,19286301.974203,28,160,0,1,20026606.399396,17,160,0,1,21133326.029431,20,132,0,1,21509460.569298,42,144,0,1,20642690.356608,84,152,0,12,21518761.838782,34,160,0,1,18356958.123646,67,156,0,12,20707241.748777,61,136,0,12,22452153.691075,62,132,0,12,24334699.409534,71,104,0,12,23179346.179710,52,128,0,1,19986958.559504,44,144,0,1,18664999.128633,33,104,0,1,20524245.644020,18,104,0,1,22535527.107763,43,164,0,1,17598223.001429,24,172,0,1,20291686.724005,66,120,0,12,24805862.181341,11,124,2,1,22302324.945622,10,136,0,1,22233759.096374,35,128,0,1,20971977.870304,
1,1553680994,0.795000,19,104,0,1,22427874.550700,
22,1553680994,0.995000,13,168,0,1,19730646.082223,15,164,0,1,19286333.454395,28,160,0,1,20026678.852700,17,164,0,1,21133233.107021,20,136,0,1,21509474.407321,42,144,0,1,20642828.091177,84,152,0,12,21518803.649504,34,160,0,1,18356957.460537,67,156,0,12,20707258.326484,61,136,0,12,22452085.827178,62,136,0,12,24334807.339130,71,104,1,12,23179315.048522,52,128,0,1,19986920.936835,44,144,0,1,18664900.308050,33,104,0,1,20524403.271837,18,104,0,1,22535489.677046,43,164,0,1,17598244.273244,24,172,0,1,20291577.869547,66,120,0,12,24805779.833763,11,124,2,1,22302310.967998,10,136,0,1,22233695.333278,35,124,0,1,20971840.973346,
1,1553680994,0.995000,19,104,0,1,22427725.665442,
22,1553680995,0.195000,13,168,0,1,19730740.854356,15,172,0,1,19286365.074190,28,160,0,1,20026751.340904,17,160,0,1,21133140.219512,20,136,0,1,21509488.262794,42,144,0,1,20642965.773395,84,152,0,12,21518845.285724,34,160,0,1,18356956.814879,67,156,0,12,20707274.694788,61,136,0,12,22452018.033082,62,136,0,12,24334915.268727,71,104,0,12,23179284.126736,52,128,0,1,19986883.314166,44,140,0,1,18664801.609619,33,104,0,1,20524559.643238,18,104,0,1,22535453.014139,43,164,0,1,17598265.597410,24,172,0,1,20291469.207041,66,120,0,12,24805690.523549,11,124,2,1,22302297.444079,10,136,0,1,22233631.308429,35,124,0,1,20971703.134076,
1,1553680995,0.195000,19,104,0,1,22427576.727834,
22,1553680995,0.395000,13,168,0,1,19730835.731189,15,172,0,1,19286396.641634,28,160,0,1,20026823.776758,17,160,0,1,21133047.314553,20,136,0,1,21509502.153167,42,144,0,1,20643103.298561,84,152,0,12,21518886.642740,34,160,0,1,18356956.047070,67,156,0,12,20707291.237595,61,140,0,12,22451950.291337,62,136,0,12,24335023.233224,71,104,0,12,23179251.582080,52,128,0,1,19986845.900899,44,144,0,1,18664702.946088,33,108,0,1,20524716.276393,18,104,0,1,22535416.124378,43,164,0,1,17598286.869226,24,168,0,1,20291360.335132,66,124,0,12,24805606.710153,11,124,2,1,22302284.181913,10,136,0,1,22233567.510433,35,124,0,1,20971565.347157,
1,1553680995,0.395000,19,104,0,1,22427427.790226,
22,1553680995,0.595000,13,168,0,1,19730930.468422,15,172,0,1,19286428.331229,28,160,0,1,20026896.282413,17,164,0,1,21132954.409594,20,140,0,1,21509517.247606,42,144,0,1,20643240.876077,84,152,0,12,21518928.278959,34,160,0,1,18356955.279260,67,156,0,12,20707307.832752,61,140,0,12,22451882.479790,62,140,0,12,24335131.075570,71,108,0,12,23179222.126112,52,128,0,1,19986808.260779,44,140,0,1,18664604.090604,33,104,0,1,20524872.874647,18,104,3,1,22535379.095016,43,164,0,1,17598308.245742,24,168,0,1,20291251.358523,66,124,0,12,24805519.162411,11,124,2,1,22302269.506280,10,136,0,1,22233503.694987,35,124,0,1,20971427.385735,
1,1553680995,0.595000,19,104,0,1,22427279.288873,
22,1553680995,0.795000,13,168,0,1,19731025.240554,15,168,0,1,19286460.003374,28,160,0,1,20026968.613565,17,164,0,1,21132861.452284,20,136,0,1,21509531.329931,42,144,0,1,20643378.540845,84,152,0,12,21518969.950079,34,160,0,1,18356954.528901,67,156,0,12,20707324.340658,61,140,0,12,22451814.720595,62,140,0,12,24335238.900465,71,108,0,12,23179191.396279,52,128,0,1,19986770.673010,44,140,0,1,18664505.374722,33,104,0,1,20525030.903819,18,104,2,1,22535342.327408,43,164,0,1,17598329.517558,24,168,0,1,20291142.312112,66,124,0,12,24805433.202638,11,124,2,1,22302253.696383,10,136,0,1,22233439.792289,35,124,0,1,20971287.853794,
1,1553680995,0.795000,19,104,0,1,22427130.037160,
22,1553680995,0.995000,13,172,0,1,19731120.169739,15,164,0,1,19286491.640619,28,152,0,1,20027041.031969,17,164,0,1,21132768.529874,20,136,0,1,21509546.040465,42,144,0,1,20643516.100911,84,152,0,12,21519011.464147,34,160,0,1,18356953.743641,67,156,0,12,20707340.831113,61,140,0,12,22451746.943949,62,140,0,12,24335346.934763,71,108,0,12,23179160.579194,52,128,0,1,19986733.120141,44,140,0,1,18664406.623940,33,104,0,1,20525188.409484,18,104,2,1,22535304.879240,43,164,0,1,17598350.824274,24,168,0,1,20291033.597256,66,120,0,12,24805348.359680,11,124,2,1,22302239.317404,10,136,0,1,22233375.907042,35,124,0,1,20971150.468230,
1,1553680995,0.995000,19,104,0,1,22426981.134452,
22,1553680996,0.195000,13,172,0,1,19731214.994222,15,156,0,1,19286523.242964,28,148,0,1,20027113.432922,17,160,0,1,21132675.607465,20,136,0,1,21509560.925501,42,148,0,1,20643653.870380,84,148,0,12,21519053.205068,34,160,0,1,18356953.028182,67,152,0,12,20707357.408820,61,136,0,12,22451679.167304,62,140,0,12,24335454.794559,71,104,0,12,23179130.931274,52,128,0,1,19986695.706875,44,140,0,1,18664307.908058,33,104,0,1,20525344.728534,18,104,2,1,22535268.390835,43,164,0,1,17598372.165890,24,164,0,1,20290924.864949,66,116,0,12,24805261.300543,11,120,2,1,22302224.275316,10,132,0,1,22233312.091596,35,124,0,1,20971012.314856,
1,1553680996,0.195000,19,104,3,1,22426832.371346,
22,1553680996,0.395000,13,164,0,1,19731309.888506,15,160,0,1,19286554.810407,28,152,0,1,20027185.833876,17,156,0,1,21132582.650155,20,136,0,1,21509575.827987,42,148,0,1,20643791.500248,84,148,0,12,21519094.649335,34,160,0,1,18356952.452325,67,152,0,12,20707374.091228,61,136,0,12,22451611.163805,62,140,0,12,24335562.846307,71,108,0,12,23179100.498094,52,128,0,1,19986658.311058,44,140,0,1,18664209.279428,33,104,0,1,20525501.710693,18,104,2,1,22535232.076932,43,164,0,1,17598393.577307,24,164,0,1,20290816.045391,66,116,0,12,24805165.952554,11,120,2,1,22302211.501757,10,116,0,1,22233248.223799,35,124,0,1,20970876.901167,
1,1553680996,0.395000,19,104,0,1,22426682.857881,
22,1553680996,0.595000,13,164,0,1,19731404.765340,15,160,0,1,19286586.587254,28,152,0,1,20027258.199929,17,156,0,1,21132489.780096,20,124,0,1,21509589.194853,42,148,0,1,20643929.042864,84,148,0,12,21519136.233204,34,160,0,1,18356951.789217,67,152,0,12,20707390.546784,61,136,0,12,22451543.404610,62,140,0,12,24335670.898056,71,108,0,12,23179069.593759,52,128,0,1,19986620.740739,44,140,0,1,18664110.650797,33,104,0,1,20525657.977393,18,100,0,1,22535195.448925,43,164,0,1,17598414.831672,24,164,0,1,20290707.347985,66,120,0,12,24805079.312222,11,124,2,1,22302197.401981,10,116,0,1,22233184.460703,35,124,0,1,20970739.271299,
1,1553680996,0.595000,19,100,2,1,22426534.705532,
22,1553680996,0.795000,13,164,0,1,19731499.659624,15,160,0,1,19286618.102347,28,152,0,1,20027330.688133,17,160,0,1,21132396.910037,20,120,0,1,21509604.114789,42,148,0,1,20644066.829783,84,152,0,12,21519177.921774,34,160,0,1,18356951.265710,67,152,0,12,20707407.037240,61,136,0,12,22451475.558163,62,140,0,12,24335778.688051,71,108,0,12,23179038.637073,52,128,0,1,19986583.257672,44,144,0,1,18664011.865114,33,104,0,1,20525814.523296,18,100,0,1,22535157.773905,43,164,0,1,17598436.225639,24,164,0,1,20290598.545877,66,116,0,12,24804992.043684,11,124,2,1,22302183.598858,10,132,0,1,22233120.715058,35,120,0,1,20970603.595856,
1,1553680996,0.795000,19,100,0,1,22426385.523621,
22,1553680996,0.995000,13,164,0,1,19731594.449207,15,160,0,1,19286649.809393,28,152,0,1,20027403.054186,17,160,0,1,21132303.987628,20,124,0,1,21509619.505882,42,148,0,1,20644204.494551,84,152,0,12,21519219.749946,34,160,0,1,18356950.602602,67,152,0,12,20707423.475345,61,136,0,12,22451407.781517,62,140,0,12,24335886.547846,71,108,0,12,23179009.303257,52,128,0,1,19986545.792054,44,144,0,1,18663913.323735,33,104,0,1,20525970.702745,18,100,0,1,22535120.238486,43,164,0,1,17598457.584706,24,164,0,1,20290489.743769,66,116,0,12,24804905.124149,11,124,2,1,22302168.521870,10,136,0,1,22233056.899612,35,120,0,1,20970468.670773,
1,1553680996,0.995000,19,100,2,1,22426236.027605,
22,1553680997,0.195000,13,168,0,1,19731689.273690,15,160,0,1,19286681.324486,28,144,0,1,20027475.332988,17,160,0,1,21132211.169920,20,128,0,1,21509633.570757,42,148,0,1,20644342.176769,84,156,0,12,21519261.508317,34,160,0,1,18356949.974394,67,152,0,12,20707440.070502,61,136,0,12,22451340.109573,62,140,0,12,24335994.512344,71,112,0,12,23178978.538523,52,124,0,1,19986508.274086,44,144,0,1,18663814.677654,33,104,0,1,20526126.079484,18,100,0,1,22535083.837332,43,164,0,1,17598478.996123,24,168,0,1,20290380.941662,66,116,0,12,24804820.996649,11,124,2,1,22302156.655722,10,152,0,1,22232993.119066,35,120,0,1,20970331.163057,
1,1553680997,0.195000,19,100,0,1,22426086.112785,
22,1553680997,0.395000,13,168,0,1,19731784.133073,15,164,0,1,19286712.926830,28,152,0,1,20027547.873543,17,152,0,1,21132118.299861,20,136,0,1,21509647.094676,42,148,0,1,20644479.771736,84,156,0,12,21519303.144537,34,152,0,1,18356949.433437,67,156,0,12,20707456.648209,61,136,0,12,22451272.315477,62,140,0,12,24336102.389590,71,108,0,12,23178949.571161,52,124,0,1,19986470.808468,44,144,0,1,18663715.944322,33,104,0,1,20526282.991842,18,100,0,1,22535046.144862,43,164,0,1,17598500.355189,24,172,0,1,20290272.087204,66,112,0,12,24804732.192491,11,120,2,1,22302143.219054,10,160,0,1,22232929.425771,35,120,0,1,20970193.864744,
1,1553680997,0.395000,19,100,0,1,22425936.773821,
22,1553680997,0.595000,13,168,0,1,19731878.957557,15,164,0,1,19286744.511724,28,152,0,1,20027620.257046,17,156,0,1,21132025.342551,20,140,0,1,21509660.548794,42,148,0,1,20644617.453954,84,148,0,12,21519344.902908,34,152,0,1,18356948.770329,67,160,0,12,20707473.156115,61,140,0,12,22451204.538831,62,140,0,12,24336210.441338,71,108,0,12,23178918.439973,52,128,0,1,19986433.430102,44,148,0,1,18663617.298241,33,104,0,1,20526439.502845,18,100,0,1,22535009.551755,43,164,0,1,17598521.784057,24,176,0,1,20290163.197845,66,112,0,12,24804649.303957,11,124,2,1,22302132.190517,10,160,0,1,22232865.715026,35,120,0,1,20970054.402604,
1,1553680997,0.595000,19,100,0,1,22425787.347607,
22,1553680997,0.795000,13,168,0,1,19731973.677338,15,164,0,1,19286776.096619,28,144,0,1,20027692.658000,17,160,0,1,21131932.332891,20,148,0,1,21509674.543868,42,148,0,1,20644755.223423,84,152,0,12,21519386.364625,34,152,0,1,18356947.985069,67,160,0,12,20707489.437168,61,136,0,12,22451136.779636,62,140,0,12,24336318.318584,71,108,0,12,23178889.210858,52,124,0,1,19986395.964485,44,148,0,1,18663518.460208,33,104,0,1,20526595.734644,18,100,0,1,22534972.190839,43,164,0,1,17598543.003522,24,176,0,1,20290054.465538,66,112,0,12,24804564.391197,11,124,2,1,22302119.102854,10,152,0,1,22232802.126433,35,120,0,1,20969917.174091,
1,1553680997,0.795000,19,100,0,1,22425639.265059,
22,1553680997,0.995000,13,168,0,1,19732068.554172,15,164,0,1,19286807.733863,28,152,0,1,20027765.163654,17,160,0,1,21131839.515182,20,148,0,1,21509688.242289,42,148,0,1,20644892.853290,84,148,0,12,21519427.896143,34,152,0,1,18356947.287061,67,156,0,12,20707506.032325,61,140,0,12,22451068.880839,62,140,0,12,24336426.422683,71,108,0,12,23178858.114570,52,128,0,1,19986358.481417,44,148,0,1,18663419.657075,33,104,0,1,20526752.472500,18,104,0,1,22534935.562832,43,164,0,1,17598564.432389,24,172,0,1,20289945.715781,66,112,1,12,24804474.225922,11,124,0,1,22302103.345307,10,152,0,1,22232738.328437,35,120,0,1,20969776.630038,
1,1553680997,0.995000,19,100,0,1,22425490.484502,
22,1553680998,0.195000,13,168,0,1,19732163.413556,15,164,0,1,19286839.301307,28,152,0,1,20027837.686759,17,168,0,1,21131746.680024,20,148,0,1,21509702.219914,42,148,0,1,20645030.465707,84,140,0,12,21519469.270610,34,152,0,1,18356946.484350,67,156,0,12,20707522.592581,61,140,0,12,22451001.034392,62,140,0,12,24336534.142877,71,108,0,12,23178830.106971,52,128,0,1,19986321.050700,44,148,0,1,18663320.766691,33,104,0,1,20526909.594260,18,104,0,1,22534898.358968,43,164,0,1,17598585.896157,24,172,0,1,20289836.808972,66,112,0,12,24804387.428539,11,124,0,1,22302089.053579,10,152,0,1,22232674.635142,35,120,0,1,20969637.691404,
1,1553680998,0.195000,19,100,0,1,22425341.913349,
22,1553680998,0.395000,13,168,0,1,19732258.272940,15,164,0,1,19286870.938552,28,148,0,1,20027910.157514,17,168,0,1,21131653.914667,20,152,0,1,21509716.284789,42,148,0,1,20645168.235176,84,148,0,12,21519511.133682,34,152,0,1,18356945.838692,67,152,0,12,20707539.117938,61,140,0,12,22450933.240296,62,140,0,12,24336642.229526,71,108,0,12,23178799.830843,52,128,0,1,19986283.532732,44,148,0,1,18663222.085710,33,104,0,1,20527064.988449,18,104,0,1,22534861.242355,43,168,0,1,17598607.307574,24,176,0,1,20289728.059215,66,112,0,12,24804301.486217,11,124,0,1,22302073.400733,10,152,0,1,22232610.889497,35,120,0,1,20969498.595719,
1,1553680998,0.395000,19,100,0,1,22425193.202593,
22,1553680998,0.595000,13,168,0,1,19732353.202124,15,164,0,1,19286902.610697,28,148,0,1,20027982.610818,17,164,0,1,21131560.939906,20,152,0,1,21509730.402015,42,148,0,1,20645305.882494,84,148,0,12,21519552.577949,34,160,0,1,18356945.280285,67,152,0,12,20707555.486242,61,140,0,12,22450865.638153,62,140,0,12,24336750.071871,71,112,1,12,23178770.811131,52,128,0,1,19986246.032214,44,148,0,1,18663123.457079,33,104,0,1,20527221.726305,18,104,0,1,22534824.701599,43,168,0,1,17598628.718991,24,176,0,1,20289619.239658,66,112,0,12,24804217.829873,11,124,3,1,22302062.895702,10,152,0,1,22232547.196202,35,120,0,1,20969361.541708,
1,1553680998,0.595000,19,104,0,1,22425045.102595,
22,1553680998,0.795000,13,168,0,1,19732447.991707,15,164,0,1,19286934.213042,28,148,0,1,20028054.941970,17,164,0,1,21131468.157099,20,152,0,1,21509744.536692,42,148,0,1,20645443.721764,84,152,0,12,21519594.179268,34,160,0,1,18356944.634627,67,152,0,12,20707572.063949,61,140,0,12,22450797.948758,62,140,0,12,24336857.931667,71,108,0,12,23178741.459864,52,128,0,1,19986208.653847,44,144,0,1,18663024.758648,33,104,0,1,20527378.429260,18,104,0,1,22534787.916540,43,168,0,1,17598650.043157,24,172,0,1,20289510.559701,66,112,0,12,24804132.725161,11,124,2,1,22302053.210831,10,160,0,1,22232483.485457,35,120,0,1,20969225.028655,
1,1553680998,0.795000,19,104,0,1,22424897.281801,
22,1553680998,0.995000,13,168,0,1,19732542.868541,15,164,0,1,19286965.937537,28,148,0,1,20028127.447625,17,164,0,1,21131375.217239,20,152,0,1,21509758.619017,42,148,0,1,20645581.438882,84,148,0,12,21519635.745687,34,164,0,1,18356944.006420,67,144,0,12,20707588.519504,61,136,0,12,22450730.189562,62,140,0,12,24336965.756563,71,108,0,12,23178711.096486,52,128,0,1,19986171.380182,44,144,0,1,18662926.042766,33,104,0,1,20527534.242255,18,100,0,1,22534752.527498,43,168,0,1,17598671.524375,24,172,0,1,20289401.775044,66,116,0,12,24804046.451285,11,120,2,1,22302039.494960,10,156,0,1,22232419.704911,35,120,0,1,20969088.236398,
1,1553680998,0.995000,19,100,0,1,22424748.693197,
22,1553680999,0.195000,13,168,0,1,19732637.710474,15,168,0,1,19286997.592232,28,148,0,1,20028199.866029,17,164,0,1,21131282.312280,20,152,0,1,21509772.806044,42,148,0,1,20645719.208351,84,148,0,12,21519677.434257,34,164,0,1,18356943.325861,67,144,0,12,20707605.044860,61,140,0,12,22450662.360566,62,140,0,12,24337073.860661,71,108,0,12,23178680.174700,52,128,0,1,19986134.019266,44,144,0,1,18662827.379235,33,104,0,1,20527689.933097,18,104,0,1,22534715.393435,43,168,0,1,17598692.988143,24,172,0,1,20289293.060188,66,132,0,12,24803953.965131,11,120,2,1,22302024.330721,10,152,0,1,22232355.976716,35,124,0,1,20968952.334102,
1,1553680999,0.195000,19,100,0,1,22424598.813276,
22,1553680999,0.395000,13,168,0,1,19732732.552407,15,168,0,1,19287029.334178,28,148,0,1,20028272.319333,17,164,0,1,21131189.424771,20,152,0,1,21509786.975621,42,148,0,1,20645856.890569,84,148,0,12,21519718.773823,34,168,0,1,18356942.680203,67,144,0,12,20707621.674918,61,140,0,12,22450594.583920,62,140,0,12,24337182.052011,71,108,0,12,23178647.647494,52,128,0,1,19986096.588549,44,144,0,1,18662728.663353,33,104,0,1,20527846.042745,18,104,0,1,22534678.747978,43,168,0,1,17598714.434461,24,168,0,1,20289184.310431,66,132,0,12,24803869.296674,11,120,2,1,22302010.178594,10,140,0,1,22232292.248521,35,124,0,1,20968817.286867,
1,1553680999,0.395000,19,100,0,1,22424450.905231,
22,1553680999,0.595000,13,168,0,1,19732827.272189,15,168,0,1,19287060.901622,28,152,0,1,20028344.824987,17,156,0,1,21131096.502361,20,152,0,1,21509801.057947,42,148,0,1,20645994.607688,84,148,0,12,21519760.218090,34,168,0,1,18356941.999645,67,144,0,12,20707638.235174,61,140,0,12,22450526.632773,62,140,0,12,24337290.033959,71,108,0,12,23178615.783396,52,128,0,1,19986059.245083,44,144,0,1,18662629.895121,33,104,0,1,20528004.246419,18,104,0,1,22534642.608577,43,168,0,1,17598735.898229,24,168,0,1,20289075.560674,66,132,0,12,24803782.761044,11,120,2,1,22301996.933879,10,128,0,1,22232228.433074,35,124,0,1,20968680.442260,
1,1553680999,0.595000,19,100,0,1,22424301.636068,
22,1553680999,0.795000,13,168,0,1,19732922.114123,15,168,0,1,19287092.626118,28,148,0,1,20028417.295742,17,164,0,1,21131003.649753,20,156,0,1,21509815.175173,42,148,0,1,20646132.377157,84,148,0,12,21519801.871760,34,168,0,1,18356941.319086,67,144,0,12,20707654.655829,61,140,0,12,22450458.821226,62,140,0,12,24337397.841404,71,108,0,12,23178588.753009,52,128,0,1,19986021.779466,44,144,0,1,18662531.091988,33,104,0,1,20528161.403080,18,104,0,1,22534607.428938,43,168,0,1,17598757.396897,24,168,0,1,20288966.793466,66,128,0,12,24803698.301991,11,120,2,1,22301983.375060,10,128,0,1,22232164.600178,35,124,0,1,20968541.172072,
1,1553680999,0.795000,19,100,0,1,22424152.523958,
22,1553680999,0.995000,13,168,0,1,19733016.973506,15,168,0,1,19287124.298263,28,148,0,1,20028489.749046,17,156,0,1,21130910.727343,20,152,0,1,21509829.397101,42,148,0,1,20646270.164076,84,148,0,12,21519843.420728,34,168,0,1,18356940.760679,67,144,0,12,20707671.076484,61,140,0,12,22450390.870078,62,140,0,12,24337505.736100,71,108,0,12,23178555.684846,52,128,0,1,19985984.383649,44,144,0,1,18662432.376106,33,104,0,1,20528318.106036,18,100,0,1,22534571.394238,43,168,0,1,17598778.843214,24,168,0,1,20288857.991359,66,128,0,12,24803611.242854,11,120,2,1,22301966.884604,10,128,0,1,22232100.889433,35,128,0,1,20968405.496629,
1,1553680999,0.995000,19,100,0,1,22424003.638700,
22,1553681000,0.195000,13,168,0,1,19733111.745639,15,168,0,1,19287155.918058,28,148,0,1,20028562.254700,17,156,0,1,21130817.874735,20,152,0,1,21509843.566677,42,148,0,1,20646408.003346,84,148,0,12,21519885.144199,34,168,0,1,18356940.202272,67,148,0,12,20707687.671641,61,140,0,12,22450323.110883,62,140,0,12,24337613.805299,71,108,0,12,23178529.544420,52,128,0,1,19985946.970382,44,144,0,1,18662333.695125,33,104,0,1,20528474.442536,18,100,0,1,22534534.347426,43,164,0,1,17598800.306982,24,168,0,1,20288749.119450,66,128,0,12,24803523.206506,11,120,2,1,22301954.809054,10,140,0,1,22232037.126337,35,128,0,1,20968266.470744,
1,1553681000,0.195000,19,100,0,1,22423854.299736,
22,1553681000,0.395000,13,168,0,1,19733206.605023,15,168,0,1,19287187.572753,28,148,0,1,20028634.760355,17,156,0,1,21130724.865074,20,152,0,1,21509857.614103,42,148,0,1,20646545.825166,84,148,0,12,21519926.553565,34,168,0,1,18356939.626415,67,148,0,12,20707703.987595,61,140,0,12,22450255.299337,62,140,0,12,24337721.752346,71,108,0,12,23178496.598409,52,128,0,1,19985909.504765,44,144,0,1,18662234.979243,33,104,0,1,20528631.040790,18,104,0,1,22534498.591930,43,168,0,1,17598821.561347,24,164,0,1,20288640.456944,66,124,0,12,24803437.787690,11,120,2,1,22301941.372386,10,140,0,1,22231973.415592,35,128,0,1,20968127.654262,
1,1553681000,0.395000,19,100,0,1,22423705.239977,
22,1553681000,0.595000,13,168,0,1,19733301.342255,15,168,0,1,19287219.244898,28,148,0,1,20028707.108958,17,160,0,1,21130631.785613,20,152,0,1,21509871.801130,42,148,0,1,20646683.821487,84,148,0,12,21519968.137434,34,168,0,1,18356939.033108,67,148,0,12,20707720.443150,61,140,0,12,22450187.505241,62,140,0,12,24337829.838994,71,108,0,12,23178466.252480,52,128,0,1,19985872.056597,44,144,0,1,18662136.193560,33,104,0,1,20528787.412191,18,104,0,1,22534462.801533,43,168,0,1,17598843.007665,24,164,0,1,20288531.637387,66,124,0,12,24803352.840030,11,124,2,1,22301926.068545,10,144,0,1,22231909.739748,35,128,0,1,20967990.408300,
1,1553681000,0.595000,19,100,0,1,22423555.883563,
22,1553681000,0.795000,13,168,0,1,19733396.149288,15,164,0,1,19287250.934494,28,148,0,1,20028779.649513,17,156,0,1,21130538.863203,20,152,0,1,21509886.023057,42,148,0,1,20646821.730558,84,148,0,12,21520009.930706,34,168,0,1,18356938.492151,67,148,0,12,20707736.898705,61,140,0,12,22450119.588994,62,140,0,12,24337937.890743,71,108,0,12,23178432.643361,52,128,0,1,19985834.625880,44,144,0,1,18662037.599830,33,104,0,1,20528943.783593,18,100,0,1,22534426.330578,43,164,0,1,17598864.471433,24,164,0,1,20288422.922530,66,120,0,12,24803267.525915,11,124,2,1,22301910.258648,10,144,0,1,22231845.959202,35,128,0,1,20967854.418753,
1,1553681000,0.795000,19,100,0,1,22423406.823803,
22,1553681000,0.995000,13,168,0,1,19733491.061022,15,168,0,1,19287282.746240,28,152,0,1,20028852.120267,17,164,0,1,21130445.975694,20,148,0,1,21509900.297335,42,152,0,1,20646959.534928,84,148,0,12,21520051.584375,34,168,0,1,18356937.986094,67,148,0,12,20707753.458962,61,140,0,12,22450051.882149,62,140,0,12,24338045.977391,71,108,0,12,23178401.704125,52,132,0,1,19985797.387116,44,144,0,1,18661938.918849,33,104,0,1,20529099.910691,18,100,0,1,22534389.144164,43,168,0,1,17598886.005002,24,168,0,1,20288314.190223,66,120,0,12,24803181.653394,11,120,2,1,22301898.095846,10,152,0,1,22231782.213557,35,128,0,1,20967712.967288,
1,1553681000,0.995000,19,100,0,1,22423256.769381,
22,1553681001,0.195000,13,168,0,1,19733585.833155,15,168,0,1,19287314.331135,28,148,0,1,20028924.608472,17,156,0,1,21130353.210337,20,148,0,1,21509914.623964,42,152,0,1,20647097.548700,84,148,0,12,21520093.307846,34,168,0,1,18356937.410237,67,148,0,12,20707770.246072,61,140,0,12,22449984.035702,62,140,0,12,24338153.802287,71,108,0,12,23178374.848240,52,132,0,1,19985760.008749,44,144,0,1,18661840.290218,33,104,0,1,20529255.636434,18,100,0,1,22534351.748347,43,168,0,1,17598907.538570,24,172,0,1,20288205.457917,66,120,0,12,24803095.449318,11,120,2,1,22301885.985395,10,160,0,1,22231718.624963,35,124,0,1,20967574.395109,
1,1553681001,0.195000,19,100,0,1,22423108.529781,
22,1553681001,0.395000,13,168,0,1,19733680.762339,15,168,0,1,19287346.003280,28,148,0,1,20028997.183927,17,156,0,1,21130260.218126,20,140,0,1,21509928.915692,42,152,0,1,20647235.475221,84,148,0,12,21520135.083667,34,168,0,1,18356936.782029,67,148,0,12,20707786.736527,61,140,0,12,22449916.485909,62,140,0,12,24338261.801684,71,108,0,12,23178345.043268,52,132,0,1,19985722.839785,44,144,0,1,18661741.574336,33,104,0,1,20529411.728632,18,100,0,1,22534315.207592,43,168,0,1,17598928.915087,24,172,0,1,20288096.725610,66,116,0,12,24803004.010177,11,120,2,1,22301869.896294,10,160,0,1,22231654.826967,35,124,0,1,20967436.119583,
1,1553681001,0.395000,19,100,0,1,22422959.208268,
22,1553681001,0.595000,13,168,0,1,19733775.656623,15,168,0,1,19287377.919728,28,148,0,1,20029069.707032,17,156,0,1,21130167.295717,20,140,0,1,21509943.189970,42,152,0,1,20647373.384292,84,152,0,12,21520176.754787,34,168,0,1,18356936.328324,67,148,0,12,20707803.401485,61,140,0,12,22449848.918666,62,140,0,12,24338369.696381,71,108,0,12,23178314.034231,52,132,0,1,19985685.618471,44,144,0,1,18661642.841004,33,104,0,1,20529567.785929,18,100,0,1,22534277.061416,43,168,0,1,17598950.466106,24,172,0,1,20287987.906052,66,116,0,12,24802914.036855,11,120,2,1,22301855.133410,10,160,0,1,22231591.290724,35,124,0,1,20967298.524617,
1,1553681001,0.595000,19,100,0,1,22422809.433049,
22,1553681001,0.795000,13,168,0,1,19733870.516007,15,168,0,1,19287409.801276,28,148,0,1,20029142.282488,17,156,0,1,21130074.617610,20,140,0,1,21509957.481699,42,152,0,1,20647511.415514,84,152,0,12,21520218.495708,34,168,0,1,18356935.892068,67,148,0,12,20707819.909391,61,140,0,12,22449781.002419,62,140,0,12,24338477.922631,71,108,0,12,23178283.670852,52,132,0,1,19985648.187754,44,144,0,1,18661544.299625,33,104,0,1,20529724.104979,18,96,0,1,22534239.334045,43,168,0,1,17598972.069475,24,172,0,1,20287879.173745,66,116,0,12,24802826.384411,11,120,2,1,22301842.865907,10,160,0,1,22231527.702131,35,120,0,1,20967159.847736,
1,1553681001,0.795000,19,100,0,1,22422660.495440,
22,1553681001,0.995000,13,168,0,1,19733965.427741,15,164,0,1,19287441.647923,28,148,0,1,20029214.805593,17,152,0,1,21129981.747552,20,136,0,1,21509971.895579,42,152,0,1,20647649.272234,84,148,0,12,21520260.236629,34,168,0,1,18356935.438363,67,148,0,12,20707836.748851,61,140,0,12,22449713.400275,62,140,0,12,24338585.922029,71,108,0,12,23178253.953131,52,132,0,1,19985611.018790,44,144,0,1,18661445.740795,33,104,0,1,20529880.581082,18,96,0,1,22534201.449622,43,168,0,1,17598993.637945,24,168,0,1,20287770.458889,66,112,0,12,24802740.023283,11,120,2,1,22301830.319200,10,156,0,1,22231464.183338,35,120,0,1,20967019.146631,
1,1553681001,0.995000,19,96,0,1,22422511.365880,
22,1553681002,0.195000,13,168,0,1,19734060.409276,15,164,0,1,19287473.494571,28,148,0,1,20029287.328698,17,152,0,1,21129889.017095,20,140,0,1,21509986.239658,42,152,0,1,20647787.216205,84,148,0,12,21520302.099701,34,168,0,1,18356935.124259,67,148,0,12,20707853.378909,61,140,0,12,22449645.990084,62,136,0,12,24338694.026127,71,108,0,12,23178224.392463,52,132,0,1,19985573.745125,44,144,0,1,18661347.112164,33,104,0,1,20530036.045072,18,96,0,1,22534164.228308,43,168,0,1,17599015.346015,24,168,0,1,20287661.796383,66,112,0,12,24802656.244788,11,120,2,1,22301816.725481,10,156,0,1,22231400.699446,35,120,0,1,20966882.197322,
1,1553681002,0.195000,19,96,0,1,22422362.201418,
22,1553681002,0.395000,13,164,0,1,19734155.373361,15,164,0,1,19287505.376118,28,148,0,1,20029359.921603,17,156,0,1,21129796.234287,20,148,0,1,21510000.566286,42,152,0,1,20647925.160177,84,148,0,12,21520343.927873,34,168,0,1,18356934.740354,67,148,0,12,20707870.008966,61,140,0,12,22449578.318140,62,136,0,12,24338802.252378,71,108,0,12,23178194.535140,52,132,0,1,19985536.576161,44,144,0,1,18661248.658036,33,104,0,1,20530191.875516,18,96,0,1,22534126.117032,43,168,0,1,17599036.914485,24,168,0,1,20287553.186228,66,112,0,12,24802575.083825,11,120,2,1,22301802.835107,10,156,0,1,22231337.285355,35,124,0,1,20966744.707056,
1,1553681002,0.395000,19,96,0,1,22422214.293373,
22,1553681002,0.595000,13,164,0,1,19734250.407247,15,164,0,1,19287537.310017,28,148,0,1,20029432.531959,17,156,0,1,21129703.538730,20,148,0,1,21510014.840564,42,152,0,1,20648063.016897,84,148,0,12,21520385.738595,34,168,0,1,18356934.391350,67,148,0,12,20707886.639024,61,140,0,12,22449510.803247,62,136,0,12,24338910.059823,71,108,0,12,23178164.503315,52,132,0,1,19985499.372297,44,144,0,1,18661150.151557,33,104,0,1,20530348.334168,18,96,0,1,22534089.209822,43,168,0,1,17599058.552755,24,168,0,1,20287444.628423,66,112,0,12,24802486.209866,11,120,2,1,22301788.299076,10,148,0,1,22231273.766562,35,124,0,1,20966608.385955,
1,1553681002,0.595000,19,96,0,1,22422065.408115,
22,1553681002,0.795000,13,164,0,1,19734345.371332,15,164,0,1,19287569.226465,28,148,0,1,20029505.212116,17,156,0,1,21129610.738472,20,156,0,1,21510029.184643,42,152,0,1,20648201.065569,84,148,0,12,21520427.758719,34,168,0,1,18356933.885293,67,148,0,12,20707903.548285,61,140,0,12,22449443.323255,62,136,0,12,24339018.268623,71,108,0,12,23178132.604317,52,132,0,1,19985462.255684,44,144,0,1,18661051.679978,33,104,0,1,20530504.897522,18,96,0,1,22534053.175122,43,168,0,1,17599080.191025,24,168,0,1,20287335.983368,66,112,0,12,24802398.522522,11,120,2,1,22301775.473166,10,148,0,1,22231210.160519,35,128,0,1,20966469.011066,
1,1553681002,0.795000,19,96,0,1,22421916.784611,
22,1553681002,0.995000,13,164,0,1,19734440.457568,15,168,0,1,19287601.160364,28,148,0,1,20029577.805022,17,156,0,1,21129518.025465,20,156,0,1,21510043.563623,42,152,0,1,20648339.149142,84,148,0,12,21520469.499640,34,168,0,1,18356933.449038,67,148,0,12,20707920.317944,61,140,0,12,22449375.651311,62,140,0,12,24339126.372722,71,108,0,12,23178102.921497,52,132,0,1,19985425.208872,44,144,0,1,18660953.156049,33,104,0,1,20530661.234023,18,100,0,1,22534017.192773,43,168,0,1,17599101.759494,24,168,0,1,20287227.408113,66,112,0,12,24802313.714464,11,120,2,1,22301764.793633,10,148,0,1,22231146.694077,35,128,0,1,20966332.201359,
1,1553681002,0.995000,19,96,0,1,22421768.230907,
22,1553681003,0.195000,13,164,0,1,19734535.439103,15,164,0,1,19287633.041911,28,144,0,1,20029650.467729,17,156,0,1,21129425.260108,20,156,0,1,21510057.872801,42,152,0,1,20648477.093113,84,148,0,12,21520511.275461,34,168,0,1,18356933.082583,67,148,0,12,20707937.105054,61,144,0,12,22449308.118968,62,140,0,12,24339234.424470,71,108,0,12,23178073.692382,52,132,0,1,19985388.109709,44,144,0,1,18660854.614669,33,100,0,1,20530816.872515,18,96,0,1,22533980.355363,43,168,0,1,17599123.450114,24,168,0,1,20287118.710707,66,112,0,12,24802227.684891,11,120,2,1,22301751.322064,10,144,0,1,22231083.262535,35,128,0,1,20966195.321851,
1,1553681003,0.195000,19,96,0,1,22421619.398000,
22,1553681003,0.395000,13,164,0,1,19734630.455539,15,164,0,1,19287665.045611,28,144,0,1,20029723.043184,17,156,0,1,21129332.424950,20,156,0,1,21510072.304131,42,152,0,1,20648615.246487,84,148,0,12,21520553.138534,34,168,0,1,18356932.611427,67,148,0,12,20707954.049215,61,144,0,12,22449240.481924,62,140,0,12,24339342.563470,71,108,0,12,23178042.264540,52,132,0,1,19985350.940745,44,144,0,1,18660756.055839,33,100,0,1,20530974.029176,18,96,0,1,22533942.819945,43,168,0,1,17599145.036034,24,172,0,1,20287010.170352,66,112,0,12,24802145.738668,11,120,2,1,22301736.175276,10,144,0,1,22231019.726292,35,128,0,1,20966056.941624,
1,1553681003,0.395000,19,100,0,1,22421471.053699,
22,1553681003,0.595000,13,164,0,1,19734725.419624,15,164,0,1,19287697.014410,28,144,0,1,20029795.670991,17,152,0,1,21129239.711943,20,156,0,1,21510086.648210,42,152,0,1,20648753.207909,84,152,0,12,21520595.106307,34,168,0,1,18356932.349674,67,148,0,12,20707970.836324,61,144,0,12,22449172.949582,62,140,0,12,24339450.597768,71,108,0,12,23178011.883711,52,132,0,1,19985313.719431,44,144,0,1,18660657.497009,33,100,0,1,20531130.243525,18,96,0,1,22533905.598631,43,168,0,1,17599166.621953,24,172,0,1,20286901.647448,66,116,0,12,24802055.206938,11,120,2,1,22301721.883547,10,144,0,1,22230956.190050,35,128,0,1,20965919.521160,
1,1553681003,0.595000,19,100,0,1,22421321.767086,
22,1553681003,0.795000,13,164,0,1,19734820.418609,15,164,0,1,19287728.878507,28,144,0,1,20029868.455849,17,152,0,1,21129146.964035,20,156,0,1,21510100.957389,42,152,0,1,20648891.274032,84,152,0,12,21520637.196233,34,168,0,1,18356932.070471,67,148,0,12,20707987.675785,61,144,0,12,22449105.417239,62,140,0,12,24339558.789118,71,104,0,12,23177981.101527,52,132,0,1,19985276.463216,44,144,0,1,18660558.903279,33,100,0,1,20531287.016281,18,96,0,1,22533868.412217,43,168,0,1,17599188.364924,24,172,0,1,20286793.124544,66,116,0,12,24801963.034888,11,120,2,1,22301707.417317,10,144,0,1,22230892.706157,35,128,0,1,20965784.840379,
1,1553681003,0.795000,19,100,0,1,22421172.951629,
22,1553681003,0.995000,13,164,0,1,19734915.400145,15,164,0,1,19287760.794955,28,144,0,1,20029941.136006,17,152,0,1,21129054.181228,20,156,0,1,21510115.284018,42,156,0,1,20649029.409955,84,152,0,12,21520679.146556,34,168,0,1,18356931.808717,67,148,0,12,20708004.236041,61,144,0,12,22449037.797645,62,140,0,12,24339666.945567,71,104,0,12,23177950.179741,52,132,0,1,19985239.311702,44,144,0,1,18660460.396800,33,100,0,1,20531443.614535,18,96,0,1,22533832.220465,43,168,0,1,17599210.072995,24,172,0,1,20286684.566739,66,116,0,12,24801877.528821,11,120,2,1,22301695.097463,10,144,0,1,22230829.292066,35,128,0,1,20965646.285650,
1,1553681003,0.995000,19,100,0,1,22421024.083822,
22,1553681004,0.195000,13,164,0,1,19735010.503831,15,164,0,1,19287792.833555,28,144,0,1,20030013.763812,17,152,0,1,21128961.468221,20,156,0,1,21510129.662997,42,156,0,1,20649167.493528,84,148,0,12,21520720.904927,34,168,0,1,18356931.546964,67,148,0,12,20708021.110402,61,144,0,12,22448970.335103,62,140,0,12,24339775.136917,71,108,0,12,23177920.095566,52,132,0,1,19985202.212539,44,144,0,1,18660361.977572,33,100,0,1,20531599.968486,18,96,0,1,22533795.784410,43,168,0,1,17599231.658914,24,168,0,1,20286576.078736,66,116,0,12,24801796.577261,11,120,2,1,22301679.845973,10,144,0,1,22230765.860525,35,128,0,1,20965509.877298,
1,1553681004,0.195000,19,100,0,1,22420875.198564,
22,1553681004,0.395000,13,164,0,1,19735105.607518,15,164,0,1,19287824.837255,28,144,0,1,20030086.374168,17,152,0,1,21128868.702863,20,160,0,1,21510143.902375,42,156,0,1,20649305.559651,84,148,0,12,21520762.663298,34,168,0,1,18356931.180510,67,148,0,12,20708037.932412,61,144,0,12,22448902.872562,62,140,0,12,24339883.328267,71,108,0,12,23177889.941589,52,132,0,1,19985165.113376,44,144,0,1,18660263.488543,33,100,0,1,20531755.868731,18,92,0,1,22533759.400706,43,168,0,1,17599253.244834,24,172,0,1,20286467.468580,66,116,0,12,24801709.099320,11,120,2,1,22301665.519344,10,144,0,1,22230702.359182,35,128,0,1,20965372.317232,
1,1553681004,0.395000,19,100,0,1,22420726.278406,
22,1553681004,0.595000,13,164,0,1,19735200.589053,15,168,0,1,19287856.806053,28,148,0,1,20030159.071775,17,152,0,1,21128775.902605,20,156,0,1,21510158.246454,42,156,0,1,20649443.643224,84,148,0,12,21520804.351868,34,168,0,1,18356930.796605,67,148,0,12,20708054.754422,61,144,0,12,22448835.357669,62,140,0,12,24339991.362565,71,108,0,12,23177859.281557,52,132,0,1,19985127.979313,44,144,0,1,18660165.034415,33,100,0,1,20531912.065630,18,92,0,1,22533723.261305,43,168,0,1,17599274.865654,24,172,0,1,20286358.963127,66,116,0,12,24801622.476439,11,120,2,1,22301652.972637,10,148,0,1,22230638.927641,35,128,0,1,20965235.908880,
1,1553681004,0.595000,19,100,0,1,22420576.834741,
22,1553681004,0.795000,13,168,0,1,19735295.745090,15,168,0,1,19287888.705051,28,148,0,1,20030231.786832,17,152,0,1,21128683.137248,20,148,0,1,21510172.590533,42,156,0,1,20649581.744247,84,148,0,12,21520846.110239,34,168,0,1,18356930.412700,67,148,0,12,20708071.506631,61,144,0,12,22448767.912578,62,140,0,12,24340099.414314,71,108,0,12,23177828.848377,52,132,0,1,19985090.845250,44,144,0,1,18660066.527935,33,100,0,1,20532067.302767,18,92,0,1,22533685.708437,43,168,0,1,17599296.399222,24,168,0,1,20286250.387872,66,116,0,12,24801535.138099,11,120,2,1,22301639.361467,10,156,0,1,22230575.478649,35,128,0,1,20965096.045385,
1,1553681004,0.795000,19,100,0,1,22420427.530678,
22,1553681004,0.995000,13,168,0,1,19735390.813877,15,168,0,1,19287920.638950,28,148,0,1,20030304.344838,17,152,0,1,21128590.511492,20,148,0,1,21510186.986962,42,156,0,1,20649719.670768,84,148,0,12,21520887.746459,34,168,0,1,18356930.063696,67,148,0,12,20708088.206489,61,144,0,12,22448700.415135,62,140,0,12,24340207.640564,71,108,0,12,23177800.072968,52,132,0,1,19985053.693736,44,144,0,1,18659968.108707,33,100,0,1,20532222.976160,18,92,0,1,22533649.045529,43,168,0,1,17599318.072393,24,168,0,1,20286141.812617,66,116,0,12,24801447.590357,11,120,2,1,22301627.914125,10,160,0,1,22230511.994757,35,124,0,1,20964959.113526,
1,1553681004,0.995000,19,100,0,1,22420278.785022,
22,1553681005,0.195000,13,168,0,1,19735485.830312,15,168,0,1,19287952.607749,28,148,0,1,20030377.164596,17,152,0,1,21128497.676334,20,148,0,1,21510201.383392,42,156,0,1,20649857.579839,84,148,0,12,21520929.435029,34,168,0,1,18356929.714691,67,148,0,12,20708105.080850,61,144,0,12,22448632.743191,62,140,0,12,24340315.587611,71,108,0,12,23177769.378035,52,132,0,1,19985016.612023,44,144,0,1,18659869.584778,33,100,0,1,20532378.771704,18,92,0,1,22533613.028280,43,168,0,1,17599339.658312,24,168,0,1,20286033.097760,66,116,0,12,24801361.839987,11,120,2,1,22301614.791561,10,164,0,1,22230448.493415,35,120,0,1,20964821.483659,
1,1553681005,0.195000,19,100,0,1,22420130.458171,
22,1553681005,0.395000,13,168,0,1,19735580.742047,15,168,0,1,19287984.471846,28,148,0,1,20030449.705152,17,152,0,1,21128404.910976,20,136,0,1,21510215.744921,42,156,0,1,20649995.506360,84,148,0,12,21520971.193400,34,168,0,1,18356929.383137,67,148,0,12,20708121.484054,61,144,0,12,22448565.210848,62,136,0,12,24340423.621909,71,108,0,12,23177738.962306,52,132,0,1,19984979.617562,44,144,0,1,18659771.148100,33,100,0,1,20532534.375295,18,92,0,1,22533576.260671,43,168,0,1,17599361.383833,24,168,0,1,20285924.505055,66,116,0,12,24801271.657261,11,120,2,1,22301602.262305,10,164,0,1,22230385.201475,35,120,0,1,20964687.605588,
1,1553681005,0.395000,19,100,0,1,22419981.223909,
22,1553681005,0.595000,13,168,0,1,19735675.880634,15,168,0,1,19288016.335944,28,148,0,1,20030522.263157,17,152,0,1,21128312.128168,20,136,0,1,21510230.176251,42,156,0,1,20650133.397980,84,148,0,12,21521012.916871,34,164,0,1,18356929.103934,67,148,0,12,20708138.358415,61,144,0,12,22448497.556354,62,136,0,12,24340531.656207,71,108,0,12,23177709.419087,52,132,0,1,19984942.518399,44,144,0,1,18659672.624170,33,100,0,1,20532691.566857,18,92,0,1,22533540.313223,43,168,0,1,17599383.004653,24,168,0,1,20285815.912351,66,116,0,12,24801186.639801,11,120,2,1,22301587.586671,10,164,0,1,22230321.874635,35,120,0,1,20964548.387751,
1,1553681005,0.595000,19,96,0,1,22419832.251400,
22,1553681005,0.795000,13,168,0,1,19735770.827268,15,168,0,1,19288048.252392,28,148,0,1,20030595.030565,17,152,0,1,21128219.293010,20,140,0,1,21510244.712283,42,156,0,1,20650271.464103,84,148,0,12,21521054.657792,34,164,0,1,18356928.999232,67,148,0,12,20708155.250226,61,144,0,12,22448429.901860,62,136,0,12,24340639.742856,71,108,0,12,23177678.968457,52,132,0,1,19984905.331985,44,144,0,1,18659574.239843,33,100,0,1,20532846.716742,18,92,0,1,22533503.964419,43,168,0,1,17599404.642923,24,168,0,1,20285707.267295,66,116,0,12,24801104.850630,11,120,2,1,22301575.511121,10,164,0,1,22230258.477994,35,120,0,1,20964408.576606,
1,1553681005,0.795000,19,96,0,1,22419683.104389,
22,1553681005,0.995000,13,164,0,1,19735865.896055,15,168,0,1,19288080.203741,28,148,0,1,20030667.728172,17,152,0,1,21128126.527653,20,144,0,1,21510259.230864,42,156,0,1,20650409.495326,84,148,0,12,21521096.346362,34,164,0,1,18356928.720029,67,148,0,12,20708172.037335,61,144,0,12,22448362.317167,62,136,0,12,24340747.812054,71,108,0,12,23177647.959420,52,136,0,1,19984868.250272,44,144,0,1,18659475.733364,33,100,0,1,20533001.831728,18,88,0,1,22533467.301512,43,164,0,1,17599426.333544,24,168,0,1,20285598.709490,66,144,0,12,24801020.025122,11,120,2,1,22301559.858275,10,156,0,1,22230195.029002,35,120,0,1,20964269.742674,
1,1553681005,0.995000,19,100,0,1,22419534.236582,
22,1553681006,0.195000,13,164,0,1,19735960.877590,58,160,1,1,19881854.836058,15,168,0,1,19288112.102739,28,148,0,1,20030740.495580,17,152,0,1,21128033.832096,20,152,0,1,21510273.731995,42,156,0,1,20650547.456747,84,148,0,12,21521138.052382,34,164,0,1,18356928.493176,67,148,0,12,20708188.964046,61,144,0,12,22448294.854625,62,136,0,12,24340855.863802,71,108,0,12,23177617.281937,52,136,0,1,19984831.151109,44,144,0,1,18659377.226885,33,100,0,1,20533158.464882,18,92,0,1,22533430.254699,43,164,0,1,17599447.989264,24,168,0,1,20285490.151686,66,144,0,12,24800931.709570,11,116,2,1,22301544.030928,10,156,0,1,22230131.702162,
2,1553681006,0.195000,35,120,0,1,20964132.392010,19,100,0,1,22419384.286861,
22,1553681006,0.395000,13,164,0,1,19736055.928926,58,160,0,1,19881838.502654,15,168,0,1,19288144.054088,28,148,0,1,20030813.193187,17,152,0,1,21127941.084189,20,152,0,1,21510288.163325,42,156,0,1,20650685.330917,84,148,0,12,21521179.775853,34,168,0,1,18356928.231423,67,148,0,12,20708205.803506,61,144,0,12,22448227.339732,62,136,0,12,24340963.985351,71,108,0,12,23177587.651467,52,136,0,1,19984794.104297,44,144,0,1,18659278.702955,33,100,0,1,20533314.783933,18,88,0,1,22533393.713943,43,164,0,1,17599469.557733,24,168,0,1,20285381.611331,66,152,0,12,24800847.686771,11,116,2,1,22301530.960715,10,156,0,1,22230068.340421,
2,1553681006,0.395000,35,120,0,1,20963992.528515,19,100,0,1,22419234.895547,
22,1553681006,0.595000,13,164,0,1,19736150.980262,58,160,0,1,19881822.343752,15,168,0,1,19288176.057787,28,148,0,1,20030885.751192,17,152,0,1,21127848.283931,20,152,0,1,21510302.559755,42,156,0,1,20650823.274889,84,148,0,12,21521221.551674,34,168,0,1,18356927.952219,67,148,0,12,20708222.468464,61,144,0,12,22448159.755039,62,136,0,12,24341071.949849,71,108,0,12,23177557.794145,52,136,0,1,19984757.022584,44,144,0,1,18659180.231376,33,100,0,1,20533471.329836,18,92,0,1,22533356.754382,43,164,0,1,17599491.230903,24,168,0,1,20285273.036077,66,152,0,12,24800759.859825,11,116,2,1,22301516.878389,10,156,0,1,22230004.908880,
2,1553681006,0.595000,35,120,0,1,20963855.893310,19,100,0,1,22419086.306943,
22,1553681006,0.795000,13,164,0,1,19736246.066498,58,160,0,1,19881806.045249,15,168,0,1,19288207.991685,28,148,0,1,20030958.378999,17,152,0,1,21127755.518573,20,152,0,1,21510316.991085,42,156,0,1,20650961.218860,84,148,0,12,21521263.362396,34,168,0,1,18356927.620665,67,148,0,12,20708239.063621,61,144,0,12,22448092.275047,62,136,0,12,24341180.019047,71,108,0,12,23177528.407978,52,136,0,1,19984720.115374,44,144,0,1,18659081.794698,33,100,0,1,20533627.387133,18,92,0,1,22533320.911635,43,164,0,1,17599512.781922,24,168,0,1,20285164.408471,66,152,0,12,24800675.505473,11,116,2,1,22301503.371921,10,156,0,1,22229941.529689,
2,1553681006,0.795000,35,120,0,1,20963715.436508,19,100,0,1,22418937.002880,
22,1553681006,0.995000,13,164,0,1,19736341.048033,15,168,0,1,19288240.065186,28,148,0,1,20031031.163857,17,152,0,1,21127662.892817,20,152,0,1,21510331.527116,42,156,0,1,20651099.337333,84,148,0,12,21521305.225468,34,168,0,1,18356927.411263,67,148,0,12,20708255.746030,61,144,0,12,22448024.777605,62,136,0,12,24341288.245298,71,108,0,12,23177497.870097,52,132,0,1,19984683.016211,44,148,0,1,18658983.392920,33,100,0,1,20533783.584032,18,92,0,1,22533284.056775,43,168,0,1,17599534.350391,24,168,0,1,20285055.885567,66,152,0,12,24800585.567051,11,116,2,1,22301490.319158,10,156,0,1,22229878.133048,35,116,0,1,20963578.591900,
1,1553681006,0.995000,19,100,0,1,22418789.112284,
22,1553681007,0.195000,13,164,0,1,19736436.064469,15,168,0,1,19288272.033985,28,148,0,1,20031104.001066,17,152,0,1,21127570.127460,20,152,0,1,21510345.906095,42,156,0,1,20651237.141703,84,148,0,12,21521347.105991,34,168,0,1,18356927.254211,67,148,0,12,20708272.463338,61,144,0,12,22447957.280163,62,136,0,12,24341396.331946,71,108,0,12,23177467.384567,52,136,0,1,19984646.056650,44,148,0,1,18658884.973692,33,100,0,1,20533940.444040,18,92,0,1,22533248.214028,43,168,0,1,17599556.006112,24,168,0,1,20284947.257962,66,152,0,12,24800503.847681,11,116,2,1,22301479.657075,10,156,0,1,22229814.666606,35,116,0,1,20963442.515102,
1,1553681007,0.195000,19,100,0,1,22418640.261927,
22,1553681007,0.395000,13,164,0,1,19736531.063454,15,168,0,1,19288304.072584,28,148,0,1,20031176.698673,17,152,0,1,21127477.431903,20,152,0,1,21510360.459577,42,156,0,1,20651375.068224,84,148,0,12,21521388.689860,34,168,0,1,18356927.044808,67,148,0,12,20708289.390049,61,144,0,12,22447889.730370,62,136,0,12,24341504.558197,71,108,0,12,23177437.387643,52,132,0,1,19984609.044738,44,148,0,1,18658786.502114,33,100,0,1,20534097.059744,18,92,0,1,22533211.132315,43,168,0,1,17599577.644382,24,168,0,1,20284838.665257,66,152,0,12,24800416.177787,11,116,2,1,22301465.923753,10,156,0,1,22229751.392116,35,116,0,1,20963302.128100,
1,1553681007,0.395000,19,100,0,1,22418490.364557,
22,1553681007,0.595000,13,164,0,1,19736626.149691,15,168,0,1,19288336.128634,28,148,0,1,20031249.535882,17,148,0,1,21127384.649096,20,152,0,1,21510374.995608,42,156,0,1,20651513.012195,84,148,0,12,21521430.448231,34,168,0,1,18356926.870306,67,148,0,12,20708305.950306,61,144,0,12,22447821.988625,62,136,0,12,24341612.801897,71,108,0,12,23177407.512870,52,136,0,1,19984571.997926,44,148,0,1,18658688.030535,33,100,0,1,20534253.256643,18,96,0,1,22533174.905663,43,168,0,1,17599599.335002,24,168,0,1,20284730.124902,66,152,0,12,24800326.937373,11,116,2,1,22301449.590350,10,156,0,1,22229687.960575,35,116,0,1,20963162.404207,
1,1553681007,0.595000,19,100,0,1,22418341.374598,
22,1553681007,0.795000,13,164,0,1,19736721.218477,15,168,0,1,19288368.045083,28,148,0,1,20031322.233489,17,148,0,1,21127291.970989,20,152,0,1,21510389.409488,42,156,0,1,20651650.868915,84,148,0,12,21521472.224052,34,168,0,1,18356926.643453,67,148,0,12,20708322.911918,61,144,0,12,22447754.246879,62,136,0,12,24341720.871096,71,108,0,12,23177377.376344,52,132,0,1,19984534.916213,44,148,0,1,18658589.558956,33,100,0,1,20534408.546131,18,96,0,1,22533137.614548,43,168,0,1,17599620.973272,24,168,0,1,20284621.479847,66,152,0,12,24800241.745410,11,116,2,1,22301433.902604,10,156,0,1,22229624.581384,35,116,0,1,20963026.083106,
1,1553681007,0.795000,19,96,0,1,22418191.826231,
22,1553681007,0.995000,13,164,0,1,19736816.234913,15,168,0,1,19288400.101133,28,148,0,1,20031394.913646,17,152,0,1,21127199.292883,20,152,0,1,21510403.997870,42,156,0,1,20651788.900137,84,148,0,12,21521513.825371,34,168,0,1,18356926.538752,67,148,0,12,20708339.733928,61,144,0,12,22447686.819238,62,136,0,12,24341829.097346,71,108,0,12,23177347.257268,52,132,0,1,19984497.921751,44,144,0,1,18658491.157178,33,100,0,1,20534564.533627,18,96,0,1,22533100.497935,43,168,0,1,17599642.663893,24,168,0,1,20284512.904592,66,152,0,12,24800159.397833,11,116,2,1,22301425.160045,10,156,0,1,22229561.184743,35,116,0,1,20962890.233161,
1,1553681007,0.995000,19,100,0,1,22418042.993324,
22,1553681008,0.195000,13,164,0,1,19736911.251348,15,168,0,1,19288432.087382,28,148,0,1,20031467.646153,17,152,0,1,21127106.632227,20,152,0,1,21510418.464101,42,156,0,1,20651926.948810,84,148,0,12,21521555.548842,34,168,0,1,18356926.294449,67,148,0,12,20708356.503587,61,144,0,12,22447619.304346,62,136,0,12,24341937.218895,71,108,0,12,23177316.649586,52,136,0,1,19984460.979640,44,148,0,1,18658392.650699,33,100,0,1,20534720.870128,18,96,0,1,22533064.341083,43,164,0,1,17599664.337063,24,168,0,1,20284404.364238,66,144,0,12,24800069.581562,11,116,0,1,22301411.252221,10,156,0,1,22229497.770652,35,116,0,1,20962752.324090,
1,1553681008,0.195000,19,100,0,1,22417894.073166,
22,1553681008,0.395000,13,164,0,1,19737006.459736,15,168,0,1,19288464.056181,28,148,0,1,20031540.448462,17,148,0,1,21127013.884319,20,152,0,1,21510433.069933,42,156,0,1,20652064.875331,84,148,0,12,21521597.167611,34,168,0,1,18356926.102496,67,148,0,12,20708373.360497,61,144,0,12,22447551.754553,62,136,0,12,24342045.270644,71,108,0,12,23177285.832501,52,136,0,1,19984424.002629,44,144,0,1,18658294.161670,33,100,0,1,20534877.154278,18,96,0,1,22533027.608375,43,164,0,1,17599686.097485,24,168,0,1,20284295.823883,66,144,0,12,24799985.925218,11,116,0,1,22301397.501450,10,156,0,1,22229434.321660,35,116,0,1,20962613.176054,
1,1553681008,0.395000,19,100,0,1,22417744.612051,
22,1553681008,0.595000,13,164,0,1,19737101.441271,15,168,0,1,19288496.007529,28,148,0,1,20031613.041367,17,148,0,1,21126921.101512,20,152,0,1,21510447.536164,42,156,0,1,20652202.801852,84,148,0,12,21521638.978333,34,168,0,1,18356925.945444,67,148,0,12,20708389.990555,61,144,0,12,22447484.239660,62,136,0,12,24342153.217690,71,108,0,12,23177256.812789,52,136,0,1,19984386.955817,44,148,0,1,18658195.759892,33,100,0,1,20535033.543129,18,96,0,1,22532990.805866,43,164,0,1,17599707.910257,24,168,0,1,20284187.283529,66,144,0,12,24799896.510303,11,116,0,1,22301386.246059,10,156,0,1,22229370.925019,35,116,0,1,20962476.191845,
1,1553681008,0.595000,19,96,0,1,22417595.604642,
22,1553681008,0.795000,13,164,0,1,19737196.544958,15,168,0,1,19288528.081029,28,148,0,1,20031685.704074,17,148,0,1,21126828.371055,20,152,0,1,21510462.054745,42,156,0,1,20652340.780724,84,148,0,12,21521680.614552,34,168,0,1,18356926.015245,67,148,0,12,20708406.795114,61,144,0,12,22447416.532815,62,136,0,12,24342261.356690,71,108,0,12,23177225.786302,52,136,0,1,19984349.978805,44,144,0,1,18658097.375565,33,100,0,1,20535189.984331,18,96,0,1,22532954.003357,43,164,0,1,17599729.548527,24,168,0,1,20284078.568672,66,144,0,12,24799807.741045,11,116,0,1,22301373.123495,10,160,0,1,22229307.528378,35,116,0,1,20962339.294886,
1,1553681008,0.795000,19,96,0,1,22417447.138189,
22,1553681008,0.995000,13,164,0,1,19737291.317091,15,168,0,1,19288559.945127,28,148,0,1,20031758.401681,17,148,0,1,21126735.605697,20,152,0,1,21510476.573326,42,156,0,1,20652478.759595,84,148,0,12,21521722.529975,34,168,0,1,18356925.962894,67,148,0,12,20708423.669475,61,144,0,12,22447349.174975,62,136,0,12,24342369.687642,71,108,0,12,23177194.515512,52,136,0,1,19984313.001794,44,148,0,1,18657998.938887,33,100,0,1,20535346.146330,18,96,0,1,22532917.497501,43,164,0,1,17599751.274048,24,168,0,1,20283969.993418,66,144,0,12,24799722.758485,11,116,3,1,22301361.013044,10,160,0,1,22229244.131737,35,116,0,1,20962201.228764,
1,1553681008,0.995000,19,100,0,1,22417298.444884,
22,1553681009,0.195000,13,164,0,1,19737386.473128,15,168,0,1,19288591.948826,28,148,0,1,20031831.012037,17,148,0,1,21126642.875240,20,152,0,1,21510491.091907,42,156,0,1,20652616.546515,84,148,0,12,21521764.288346,34,168,0,1,18356925.823293,67,148,0,12,20708440.474035,61,144,0,12,22447281.537931,62,136,0,12,24342477.756840,71,108,0,12,23177163.471575,52,136,0,1,19984275.920081,44,148,0,1,18657900.432407,33,100,0,1,20535503.006337,18,96,0,1,22532880.433239,43,164,0,1,17599772.964669,24,168,0,1,20283861.365812,66,144,0,12,24799636.275206,11,116,2,1,22301348.187134,10,160,0,1,22229180.717646,35,116,0,1,20962066.268780,
1,1553681009,0.195000,19,96,0,1,22417149.664328,
22,1553681009,0.395000,13,164,0,1,19737481.751317,15,168,0,1,19288624.074677,28,148,0,1,20031903.692194,17,152,0,1,21126550.074982,20,152,0,1,21510505.610488,42,156,0,1,20652754.403235,84,148,0,12,21521805.976916,34,168,0,1,18356925.736042,67,148,0,12,20708457.313495,61,144,0,12,22447213.796186,62,136,0,12,24342585.860939,71,108,0,12,23177133.020945,52,136,0,1,19984238.873269,44,148,0,1,18657801.925928,33,100,0,1,20535659.604591,18,96,0,1,22532842.967621,43,164,0,1,17599794.672740,24,168,0,1,20283752.773107,66,144,0,12,24799551.100693,11,116,2,1,22301336.146484,10,160,0,1,22229117.373355,35,116,0,1,20961928.324808,
1,1553681009,0.395000,19,96,0,1,22416999.819308,
22,1553681009,0.595000,13,164,0,1,19737576.855004,15,168,0,1,19288656.148177,28,148,0,1,20031976.407251,17,152,0,1,21126457.309625,20,152,0,1,21510520.024368,42,156,0,1,20652892.451907,84,148,0,12,21521847.770188,34,168,0,1,18356925.561539,67,148,0,12,20708474.240206,61,144,0,12,22447146.455795,62,136,0,12,24342693.982488,71,108,0,12,23177103.407925,52,136,0,1,19984201.931158,44,148,0,1,18657703.489250,33,100,0,1,20535816.255196,18,96,0,1,22532805.955709,43,164,0,1,17599816.328460,24,172,0,1,20283644.093151,66,144,0,12,24799466.100682,11,120,2,1,22301322.081609,10,160,0,1,22229053.889463,35,116,0,1,20961790.049283,
1,1553681009,0.595000,19,96,0,1,22416851.056202,
22,1553681009,0.795000,13,164,0,1,19737671.853989,15,168,0,1,19288688.204227,28,148,0,1,20032049.104858,17,152,0,1,21126364.648968,20,156,0,1,21510534.525499,42,156,0,1,20653030.291177,84,148,0,12,21521889.633260,34,168,0,1,18356925.456838,67,148,0,12,20708491.009865,61,144,0,12,22447079.132855,62,136,0,12,24342802.051686,71,108,0,12,23177072.660642,52,136,0,1,19984164.971597,44,148,0,1,18657605.157273,33,100,0,1,20535973.638709,18,100,0,1,22532767.931685,43,164,0,1,17599837.827128,24,172,0,1,20283535.552797,66,148,0,12,24799380.263061,11,120,2,1,22301309.220798,10,160,0,1,22228990.527723,35,116,0,1,20961655.316152,
1,1553681009,0.795000,19,100,0,1,22416702.136043,
22,1553681009,0.995000,13,164,0,1,19737766.870425,15,168,0,1,19288720.190477,28,148,0,1,20032121.837366,17,148,0,1,21126271.901061,20,156,0,1,21510549.113881,42,156,0,1,20653168.270049,84,148,0,12,21521931.339281,34,168,0,1,18356925.369587,67,148,0,12,20708507.866775,61,148,0,12,22447011.513262,62,136,0,12,24342910.225586,71,108,0,12,23177043.815432,52,136,0,1,19984127.959685,44,148,0,1,18657506.685694,33,100,0,1,20536130.306764,18,96,0,1,22532730.413717,43,164,0,1,17599859.447948,24,168,0,1,20283426.942642,66,148,0,12,24799293.326076,11,116,2,1,22301296.517040,10,160,0,1,22228927.270683,35,120,0,1,20961518.401744,
1,1553681009,0.995000,19,96,0,1,22416552.797080,
22,1553681010,0.195000,13,164,0,1,19737861.834509,15,168,0,1,19288752.089475,28,148,0,1,20032194.639674,17,148,0,1,21126179.118253,20,156,0,1,21510563.562661,42,156,0,1,20653306.179120,84,148,0,12,21521973.062751,34,168,0,1,18356925.439388,67,148,0,12,20708524.845837,61,144,0,12,22446943.998369,62,136,0,12,24343018.347135,71,108,0,12,23177014.202412,52,136,0,1,19984091.052474,44,148,0,1,18657408.196665,33,100,0,1,20536286.695616,18,96,0,1,22532693.646108,43,164,0,1,17599881.068768,24,168,0,1,20283318.437188,66,148,0,12,24799206.790447,11,120,2,1,22301285.540853,10,160,0,1,22228864.031094,35,116,0,1,20961379.916816,
1,1553681010,0.195000,19,96,0,1,22416404.348078,
22,1553681010,0.395000,13,164,0,1,19737957.060348,15,168,0,1,19288784.162975,28,148,0,1,20032267.389632,17,148,0,1,21126086.544848,20,156,0,1,21510578.116143,42,152,0,1,20653444.227792,84,148,0,12,21522014.978174,34,168,0,1,18356925.369587,67,148,0,12,20708541.563146,61,144,0,12,22446876.448576,62,136,0,12,24343126.381433,71,108,0,12,23176984.571942,52,136,0,1,19984054.092913,44,148,0,1,18657309.864688,33,100,0,1,20536442.473709,18,96,0,1,22532656.756348,43,164,0,1,17599902.707038,24,168,0,1,20283209.809582,66,148,0,12,24799121.214579,11,120,2,1,22301270.237012,10,160,0,1,22228800.774055,35,116,0,1,20961244.276273,
1,1553681010,0.395000,19,96,0,1,22416255.550071,
22,1553681010,0.595000,13,164,0,1,19738052.059333,15,168,0,1,19288816.253925,28,148,0,1,20032340.191941,17,148,0,1,21125993.901642,20,164,0,1,21510592.687075,42,152,0,1,20653582.084512,84,148,0,12,21522056.684195,34,168,0,1,18356925.264886,67,148,0,12,20708558.507307,61,144,0,12,22446809.108186,62,136,0,12,24343234.433182,71,108,0,12,23176954.278364,52,136,0,1,19984017.081001,44,148,0,1,18657211.340759,33,96,0,1,20536598.949812,18,96,0,1,22532618.889375,43,164,0,1,17599924.223156,24,172,0,1,20283101.216877,66,148,0,12,24799034.574248,11,120,2,1,22301254.758668,10,160,0,1,22228737.447215,35,116,0,1,20961105.337639,
1,1553681010,0.595000,19,96,0,1,22416106.158757,
22,1553681010,0.795000,13,164,0,1,19738147.267721,15,168,0,1,19288848.222724,28,148,0,1,20032412.889548,17,148,0,1,21125901.206086,20,164,0,1,21510607.118405,42,152,0,1,20653719.958683,84,148,0,12,21522098.425115,34,168,0,1,18356925.195085,67,148,0,12,20708575.468919,61,144,0,12,22446741.523493,62,136,0,12,24343342.624532,71,108,0,12,23176924.578094,52,136,0,1,19983980.208691,44,148,0,1,18657112.886631,33,100,0,1,20536754.256750,18,96,0,1,22532581.947264,43,164,0,1,17599945.756725,24,172,0,1,20282992.641622,66,148,0,12,24798948.509774,11,120,2,1,22301241.950209,10,160,0,1,22228674.155275,35,116,0,1,20960967.323867,
1,1553681010,0.795000,19,96,0,1,22415957.552703,
22,1553681010,0.995000,13,164,0,1,19738242.249256,15,168,0,1,19288880.174073,28,148,0,1,20032485.691856,17,148,0,1,21125808.545429,20,164,0,1,21510621.671886,42,152,0,1,20653857.832853,84,148,0,12,21522140.026435,34,168,0,1,18356925.195085,67,148,0,12,20708592.290929,61,148,0,12,22446673.868999,62,136,0,12,24343450.815882,71,108,0,12,23176894.267066,52,136,0,1,19983943.231680,44,148,0,1,18657014.572104,33,96,0,1,20536911.518112,18,96,0,1,22532544.307145,43,164,0,1,17599967.499696,24,172,0,1,20282884.101268,66,148,0,12,24798862.009044,11,120,2,1,22301228.757844,10,160,0,1,22228610.723733,35,116,0,1,20960827.425472,
1,1553681010,0.995000,19,96,0,1,22415808.492943,
22,1553681011,0.195000,13,164,0,1,19738337.300592,15,168,0,1,19288912.212673,28,148,0,1,20032558.302212,17,148,0,1,21125715.832423,20,164,0,1,21510636.190467,42,152,0,1,20653995.776824,84,148,0,12,21522181.941858,34,168,0,1,18356925.195085,67,148,0,12,20708609.182740,61,148,0,12,22446606.249405,62,136,0,12,24343558.728028,71,108,0,12,23176863.432531,52,136,0,1,19983906.307019,44,148,0,1,18656916.117975,33,96,0,1,20537067.819712,18,96,0,1,22532506.143518,43,164,0,1,17599989.190317,24,172,0,1,20282775.560914,66,148,0,12,24798774.705605,11,120,2,1,22301215.705081,10,160,0,1,22228547.257292,35,116,0,1,20960688.626440,
1,1553681011,0.195000,19,96,0,1,22415659.834538,
22,1553681011,0.395000,13,164,0,1,19738432.439179,15,168,0,1,19288944.216372,28,152,0,1,20032631.104521,17,148,0,1,21125623.189217,20,168,0,1,21510650.778850,42,152,0,1,20654133.703345,84,148,0,12,21522223.822380,34,168,0,1,18356925.055483,67,144,0,12,20708626.196702,61,148,0,12,22446538.717062,62,136,0,12,24343666.884478,71,108,0,12,23176833.487957,52,136,0,1,19983869.487060,44,148,0,1,18656817.698747,33,100,0,1,20537224.208564,18,100,0,1,22532469.637663,43,164,0,1,17600010.793686,24,172,0,1,20282666.915858,66,148,0,12,24798688.484079,11,120,2,1,22301200.558292,10,160,0,1,22228483.913001,35,116,0,1,20960550.944222,
1,1553681011,0.395000,19,96,0,1,22415510.896929,
22,1553681011,0.595000,13,164,0,1,19738527.577766,15,168,0,1,19288976.237521,28,152,0,1,20032703.819578,17,148,0,1,21125530.441309,20,168,0,1,21510665.314881,42,152,0,1,20654271.821819,84,148,0,12,21522265.580751,34,168,0,1,18356925.107834,67,144,0,12,20708643.210664,61,148,0,12,22446471.062568,62,136,0,12,24343774.953676,71,108,0,12,23176803.997089,52,136,0,1,19983832.544949,44,148,0,1,18656719.192268,33,100,0,1,20537380.841718,18,100,0,1,22532433.114357,43,164,0,1,17600032.449407,24,172,0,1,20282558.305703,66,148,0,12,24798602.018250,11,120,2,1,22301189.285452,10,160,0,1,22228420.586161,35,116,0,1,20960415.059376,
1,1553681011,0.595000,19,96,0,1,22415361.732468,
22,1553681011,0.795000,13,164,0,1,19738622.681453,15,168,0,1,19289008.206320,28,152,0,1,20032776.517185,17,148,0,1,21125437.710852,20,168,0,1,21510679.885813,42,152,0,1,20654409.608738,84,148,0,12,21522307.234421,34,168,0,1,18356924.880981,67,144,0,12,20708660.137375,61,148,0,12,22446403.477875,62,136,0,12,24343883.040325,71,112,0,12,23176774.925026,52,136,0,1,19983795.602838,44,148,0,1,18656620.912642,33,96,0,1,20537537.597024,18,100,0,1,22532396.538701,43,164,0,1,17600054.174928,24,172,0,1,20282449.712998,66,148,0,12,24798515.709473,11,120,2,1,22301178.117312,10,160,0,1,22228357.311671,35,116,0,1,20960278.860427,
1,1553681011,0.795000,19,96,0,1,22415213.649921,
22,1553681011,0.995000,13,164,0,1,19738717.750239,15,168,0,1,19289040.349621,28,148,0,1,20032849.302043,17,148,0,1,21125345.050196,20,168,0,1,21510694.491645,42,152,0,1,20654547.570159,84,148,0,12,21522348.975342,34,168,0,1,18356924.723929,67,144,0,12,20708677.098987,61,148,0,12,22446336.102584,62,136,0,12,24343991.109523,71,112,0,12,23176744.613998,52,136,0,1,19983758.695627,44,148,0,1,18656522.545765,33,100,0,1,20537694.282529,18,100,0,1,22532359.771092,43,164,0,1,17600075.725947,24,172,0,1,20282341.137743,66,148,0,12,24798429.069142,11,120,2,1,22301167.367978,10,160,0,1,22228293.984831,35,116,0,1,20960143.062832,
1,1553681011,0.995000,19,92,0,1,22415063.961953,
22,1553681012,0.195000,13,164,0,1,19738812.906277,15,168,0,1,19289072.335871,28,148,0,1,20032922.104352,17,148,0,1,21125252.476791,20,168,0,1,21510709.045127,42,152,0,1,20654685.391979,84,148,0,12,21522390.751163,34,168,0,1,18356924.671578,67,144,0,12,20708693.886097,61,148,0,12,22446268.552791,62,136,0,12,24344099.248523,71,108,0,12,23176715.315083,52,136,0,1,19983721.910568,44,148,0,1,18656424.178887,33,100,0,1,20537851.386840,18,100,0,1,22532323.265237,43,164,0,1,17600097.451468,24,172,0,1,20282232.719540,66,148,0,12,24798342.498612,11,120,2,1,22301154.036012,10,160,0,1,22228230.570740,35,116,0,1,20960004.403402,
1,1553681012,0.195000,19,92,0,1,22414915.687453,
22,1553681012,0.395000,13,164,0,1,19738908.027414,15,168,0,1,19289104.444271,28,148,0,1,20032994.767058,17,148,0,1,21125159.781234,20,168,0,1,21510723.720760,42,152,0,1,20654823.353401,84,148,0,12,21522432.579335,34,168,0,1,18356924.689029,67,144,0,12,20708710.795358,61,148,0,12,22446200.950648,62,136,0,12,24344207.352621,71,108,0,12,23176686.417522,52,136,0,1,19983685.055708,44,148,0,1,18656325.829460,33,100,0,1,20538007.496487,18,100,0,1,22532286.672130,43,164,0,1,17600119.089738,24,172,0,1,20282124.126835,66,148,0,12,24798256.346887,11,120,2,1,22301140.197989,10,160,0,1,22228167.121748,35,116,0,1,20959866.895686,
1,1553681012,0.395000,19,92,0,1,22414767.203550,
22,1553681012,0.595000,13,164,0,1,19739003.200901,15,168,0,1,19289136.465421,28,148,0,1,20033067.534466,17,148,0,1,21125067.050777,20,168,0,1,21510738.344042,42,152,0,1,20654961.105419,84,148,0,12,21522474.355156,34,168,0,1,18356924.601777,67,144,0,12,20708727.914021,61,148,0,12,22446133.557907,62,136,0,12,24344315.421820,71,108,0,12,23176656.228645,52,136,0,1,19983648.218299,44,148,0,1,18656227.462583,33,100,0,1,20538163.937689,18,100,0,1,22532250.305876,43,164,0,1,17600140.780358,24,172,0,1,20282015.516680,66,148,0,12,24798169.322651,11,120,2,1,22301129.309053,10,160,0,1,22228103.725107,35,116,0,1,20959732.075304,
1,1553681012,0.595000,19,92,0,1,22414617.916937,
22,1553681012,0.795000,13,164,0,1,19739098.234787,15,168,0,1,19289168.504020,28,148,0,1,20033140.301874,17,148,0,1,21124974.320320,20,168,0,1,21510752.949874,42,152,0,1,20655098.944689,84,148,0,12,21522515.939025,34,168,0,1,18356924.619228,67,144,0,12,20708744.788382,61,148,0,12,22446066.077915,62,136,0,12,24344423.595720,71,112,0,12,23176626.441124,52,132,0,1,19983611.345989,44,148,0,1,18656129.078255,33,100,0,1,20538320.815147,18,100,0,1,22532213.451016,43,164,0,1,17600162.383728,24,172,0,1,20281906.871624,66,148,0,12,24798083.275628,11,120,2,1,22301117.233502,10,156,0,1,22228040.468068,35,116,0,1,20959595.283047,
1,1553681012,0.795000,19,92,0,1,22414469.136381,
22,1553681012,0.995000,13,164,0,1,19739193.373374,15,164,0,1,19289200.472819,28,148,0,1,20033213.016931,17,148,0,1,21124881.712015,20,168,0,1,21510767.468456,42,148,0,1,20655236.836310,84,148,0,12,21522557.802097,34,168,0,1,18356924.601777,67,144,0,12,20708761.662742,61,148,0,12,22445998.650273,62,136,0,12,24344531.717269,71,112,0,12,23176596.793204,52,132,0,1,19983574.491129,44,148,0,1,18656030.676477,33,100,0,1,20538477.535552,18,100,0,1,22532176.159901,43,164,0,1,17600184.056898,24,172,0,1,20281798.296370,66,148,0,12,24797996.705097,11,120,2,1,22301104.721696,10,156,0,1,22227977.141228,35,116,0,1,20959458.037085,
1,1553681012,0.995000,19,92,0,1,22414320.128971,
22,1553681013,0.195000,13,164,0,1,19739288.511961,15,164,0,1,19289232.528869,28,148,0,1,20033285.854140,17,148,0,1,21124788.981558,20,168,0,1,21510782.074288,42,148,0,1,20655374.693030,84,148,0,12,21522599.595369,34,168,0,1,18356924.584327,67,144,0,12,20708778.676705,61,148,0,12,22445930.978329,62,136,0,12,24344639.856268,71,112,0,12,23176566.360024,52,132,0,1,19983537.618819,44,148,0,1,18655932.414301,33,100,0,1,20538634.447910,18,100,0,1,22532139.165439,43,164,0,1,17600205.764969,24,168,0,1,20281689.668764,66,148,0,12,24797910.396320,11,120,2,1,22301091.616583,10,156,0,1,22227913.884188,35,116,0,1,20959321.140127,
1,1553681013,0.195000,19,92,0,1,22414170.947060,
22,1553681013,0.395000,13,164,0,1,19739383.615648,15,164,0,1,19289264.567469,28,152,0,1,20033358.673899,17,148,0,1,21124696.373252,20,168,0,1,21510796.715020,42,148,0,1,20655512.567200,84,148,0,12,21522641.580593,34,168,0,1,18356924.549427,67,144,0,12,20708795.481264,61,148,0,12,22445863.341285,62,136,0,12,24344748.082519,71,112,0,12,23176536.502701,52,132,0,1,19983500.763959,44,148,0,1,18655834.064874,33,100,0,1,20538791.447519,18,100,0,1,22532102.467631,43,164,0,1,17600227.490490,24,168,0,1,20281581.128410,66,148,0,12,24797824.052643,11,120,2,1,22301078.075214,10,156,0,1,22227850.679500,35,116,0,1,20959181.067229,
1,1553681013,0.395000,19,92,0,1,22414022.096703,
22,1553681013,0.595000,13,164,0,1,19739478.771685,15,164,0,1,19289296.553718,28,148,0,1,20033431.441307,17,144,0,1,21124603.747496,20,168,0,1,21510811.268502,42,148,0,1,20655650.371570,84,148,0,12,21522683.530916,34,172,0,1,18356924.531977,67,144,0,12,20708812.285824,61,148,0,12,22445795.826393,62,136,0,12,24344856.081916,71,112,0,12,23176507.046734,52,132,0,1,19983463.978900,44,148,0,1,18655735.697996,33,100,0,1,20538948.412228,18,100,0,1,22532065.961776,43,164,0,1,17600249.198561,24,168,0,1,20281472.535705,66,148,0,12,24797737.429762,11,120,2,1,22301065.668109,10,156,0,1,22227787.335209,35,116,0,1,20959047.660314,
1,1553681013,0.595000,19,88,0,1,22413872.879891,
22,1553681013,0.795000,13,164,0,1,19739573.875372,15,164,0,1,19289328.679569,28,148,0,1,20033504.173814,17,144,0,1,21124510.982139,20,168,0,1,21510825.769633,42,152,0,1,20655788.193390,84,148,0,12,21522725.446339,34,172,0,1,18356924.531977,67,144,0,12,20708829.369587,61,148,0,12,22445728.468552,62,136,0,12,24344964.255816,71,112,0,12,23176478.201524,52,132,0,1,19983427.158940,44,148,0,1,18655637.470721,33,96,0,1,20539105.324586,18,100,0,1,22532029.630423,43,164,0,1,17600270.836831,24,168,0,1,20281363.995351,66,148,0,12,24797650.946483,11,120,2,1,22301051.917337,10,156,0,1,22227723.886218,35,116,0,1,20958911.147261,
1,1553681013,0.795000,19,88,0,1,22413724.256386,
22,1553681013,0.995000,13,164,0,1,19739669.048859,15,164,0,1,19289360.718169,28,148,0,1,20033576.923772,17,148,0,1,21124418.356383,20,168,0,1,21510840.480167,42,152,0,1,20655926.032660,84,148,0,12,21522767.204710,34,168,0,1,18356924.392375,67,148,0,12,20708846.348649,61,148,0,12,22445661.040911,62,136,0,12,24345072.377365,71,112,0,12,23176448.466353,52,132,0,1,19983390.304081,44,148,0,1,18655539.086393,33,96,0,1,20539261.695987,18,100,0,1,22531993.438671,43,164,0,1,17600292.579802,24,172,0,1,20281255.420096,66,148,0,12,24797564.341052,11,120,2,1,22301036.700748,10,160,0,1,22227660.576828,35,116,0,1,20958773.028787,
22,1553681014,0.195000,13,164,0,1,19739764.239797,15,164,0,1,19289392.721868,28,148,0,1,20033649.795881,17,148,0,1,21124325.835328,20,168,0,1,21510855.120899,42,148,0,1,20656063.994081,84,148,0,12,21522809.050333,34,168,0,1,18356924.357474,67,148,0,12,20708863.223009,61,148,0,12,22445593.630720,62,136,0,12,24345180.464014,71,112,0,12,23176418.696282,52,132,0,1,19983353.553922,44,148,0,1,18655440.667165,33,100,0,1,20539418.904999,18,100,0,1,22531957.177119,43,164,0,1,17600314.340224,24,172,0,1,20281146.879741,66,148,0,12,24797477.910124,11,120,2,1,22301024.433245,10,160,0,1,22227597.110386,35,116,0,1,20958633.584097,
22,1553681014,0.395000,13,164,0,1,19739859.465635,15,164,0,1,19289424.708117,28,148,0,1,20033722.650541,17,148,0,1,21124233.192123,20,168,0,1,21510869.744182,42,152,0,1,20656201.850801,84,148,0,12,21522850.843604,34,168,0,1,18356924.322574,67,148,0,12,20708880.184621,61,148,0,12,22445526.098377,62,136,0,12,24345288.707714,71,112,0,12,23176389.222864,52,132,0,1,19983316.716512,44,148,0,1,18655342.282837,33,100,0,1,20539575.817357,18,100,0,1,22531920.269908,43,164,0,1,17600335.978494,24,172,0,1,20281038.234686,66,148,0,12,24797391.426845,11,124,2,1,22301013.387257,10,156,0,1,22227533.905697,35,116,0,1,20958494.017256,
1,1553681014,0.395000,53,100,0,1,21473197.438103,
22,1553681014,0.595000,13,164,0,1,19739954.551872,15,164,0,1,19289456.624566,28,148,0,1,20033795.417949,17,144,0,1,21124140.618717,20,168,0,1,21510884.332564,42,152,0,1,20656339.777322,84,148,0,12,21522892.619425,34,168,0,1,18356924.287674,67,148,0,12,20708897.268384,61,148,0,12,22445458.635835,62,136,0,12,24345396.846714,71,112,0,12,23176359.278290,52,132,0,1,19983279.948904,44,148,0,1,18655243.846159,33,96,0,1,20539732.659914,18,100,0,1,22531884.636563,43,164,0,1,17600357.738915,24,172,0,1,20280929.572180,66,148,0,12,24797305.152968,11,124,2,1,22301000.648598,10,156,0,1,22227470.683558,35,116,0,1,20958356.335038,
1,1553681014,0.595000,53,100,0,1,21473042.131165,
22,1553681014,0.795000,13,164,0,1,19740049.690459,15,164,0,1,19289488.575914,28,148,0,1,20033868.167906,17,144,0,1,21124047.870810,20,168,0,1,21510898.816244,42,152,0,1,20656477.703843,84,148,0,12,21522934.482498,34,168,0,1,18356924.357474,67,148,0,12,20708914.195095,61,148,0,12,22445391.120943,62,136,0,12,24345504.863561,71,112,0,12,23176329.961924,52,132,0,1,19983243.128944,44,148,0,1,18655145.374580,33,96,0,1,20539889.432670,18,104,0,1,22531848.549513,43,164,0,1,17600379.429536,24,172,0,1,20280820.962025,66,148,0,12,24797218.896542,11,124,2,1,22300987.997190,10,156,0,1,22227407.409069,35,116,0,1,20958220.485093,
1,1553681014,0.795000,53,100,0,1,21472886.736976,
22,1553681014,0.995000,13,164,0,1,19740144.811596,15,164,0,1,19289520.492363,28,148,0,1,20033941.005115,17,144,0,1,21123955.122903,20,168,0,1,21510913.474427,42,152,0,1,20656615.630364,84,148,0,12,21522976.397921,34,168,0,1,18356924.322574,67,148,0,12,20708931.209058,61,148,0,12,22445323.640951,62,136,0,12,24345613.194513,71,112,0,12,23176299.075039,52,132,0,1,19983206.274084,44,148,0,1,18655047.199655,33,96,0,1,20540045.856422,18,104,0,1,22531812.043658,43,164,0,1,17600401.259758,24,172,0,1,20280712.456571,66,148,0,12,24797132.622666,11,124,2,1,22300973.705462,10,156,0,1,22227344.186930,35,116,0,1,20958083.221680,
1,1553681014,0.995000,53,100,0,1,21472731.744142,
22,1553681015,0.195000,13,164,0,1,19740239.967633,15,164,0,1,19289552.530962,28,148,0,1,20034013.720172,17,144,0,1,21123862.549498,20,168,0,1,21510928.184961,42,152,0,1,20656753.504535,84,148,0,12,21523018.243543,34,172,0,1,18356924.270223,67,148,0,12,20708948.065968,61,148,0,12,22445256.091158,62,136,0,12,24345721.298612,71,112,0,12,23176269.845924,52,132,0,1,19983169.349424,44,148,0,1,18654948.832778,33,96,0,1,20540201.250611,18,104,0,1,22531775.659954,43,164,0,1,17600423.107431,24,168,0,1,20280603.951117,66,148,0,12,24797046.401140,11,124,2,1,22300959.588235,10,156,0,1,22227280.860090,35,116,0,1,20957946.167670,
1,1553681015,0.195000,53,104,0,1,21472575.477443,
22,1553681015,0.395000,13,164,0,1,19740335.141121,15,164,0,1,19289584.621913,28,148,0,1,20034086.470130,17,144,0,1,21123769.871391,20,168,0,1,21510942.773343,42,148,0,1,20656891.431056,84,148,0,12,21523060.211316,34,172,0,1,18356924.235323,67,148,0,12,20708964.957779,61,148,0,12,22445188.541365,62,136,0,12,24345829.437611,71,112,0,12,23176239.552346,52,132,0,1,19983132.494564,44,148,0,1,18654850.553152,33,96,0,1,20540357.325358,18,104,0,1,22531739.799756,43,164,0,1,17600445.059805,24,168,0,1,20280495.340962,66,148,0,12,24796960.249415,11,124,2,1,22300947.006628,10,156,0,1,22227217.428548,35,116,0,1,20957810.178123,
1,1553681015,0.395000,53,104,0,1,21472420.327557,
22,1553681015,0.595000,13,164,0,1,19740430.262258,15,164,0,1,19289616.643062,28,148,0,1,20034159.237538,17,144,0,1,21123677.088584,20,168,0,1,21510957.414076,42,148,0,1,20657029.235425,84,148,0,12,21523102.196540,34,172,0,1,18356924.252773,67,148,0,12,20708981.832139,61,148,0,12,22445120.974122,62,136,0,12,24345937.559161,71,112,0,12,23176209.677573,52,132,0,1,19983095.726955,44,148,0,1,18654752.221175,33,96,0,1,20540513.731660,18,104,0,1,22531704.759719,43,164,0,1,17600466.907478,24,168,0,1,20280386.713356,66,148,0,12,24796873.923188,11,124,2,1,22300933.866614,10,156,0,1,22227154.084258,35,120,0,1,20957672.007299,
2,1553681015,0.595000,19,92,0,1,22412384.446118,53,104,0,1,21472264.444762,
22,1553681015,0.795000,13,164,0,1,19740525.400845,15,164,0,1,19289648.786363,28,148,0,1,20034232.074747,17,144,0,1,21123584.340676,20,168,0,1,21510972.002458,42,148,0,1,20657167.196847,84,148,0,12,21523144.094513,34,168,0,1,18356924.270223,67,148,0,12,20708998.671600,61,148,0,12,22445053.563931,62,136,0,12,24346045.733060,71,112,0,12,23176181.198818,52,128,0,1,19983058.994247,44,144,0,1,18654653.993899,33,96,0,1,20540670.033260,18,104,0,1,22531668.916972,43,164,0,1,17600488.737700,24,168,0,1,20280278.242803,66,148,0,12,24796787.736562,11,120,2,1,22300921.162856,10,156,0,1,22227090.739967,35,120,0,1,20957537.221817,
2,1553681015,0.795000,19,92,0,1,22412235.264207,53,104,0,1,21472109.347226,
22,1553681015,0.995000,13,164,0,1,19740620.556882,15,164,0,1,19289680.824963,28,148,0,1,20034304.981757,17,144,0,1,21123491.714921,20,168,0,1,21510986.678091,42,148,0,1,20657305.193168,84,148,0,12,21523185.975036,34,168,0,1,18356924.392375,67,148,0,12,20709015.842614,61,148,0,12,22444986.083939,62,136,0,12,24346153.802259,71,112,0,12,23176151.411296,52,128,0,1,19983022.191737,44,144,0,1,18654555.679372,33,96,0,1,20540826.422111,18,104,0,1,22531632.655419,43,164,0,1,17600510.358520,24,168,0,1,20280169.702448,66,148,0,12,24796701.340534,11,120,2,1,22300907.289933,10,156,0,1,22227027.500378,35,120,0,1,20957399.609400,
2,1553681015,0.995000,19,88,0,1,22412086.448750,53,104,0,1,21471952.434868,
22,1553681016,0.195000,13,164,0,1,19740715.730370,15,164,0,1,19289712.863563,28,148,0,1,20034377.749165,17,144,0,1,21123399.124065,20,168,0,1,21511001.283923,42,148,0,1,20657442.927737,84,148,0,12,21523228.030060,34,168,0,1,18356924.322574,67,148,0,12,20709032.559922,61,148,0,12,22444918.708648,62,136,0,12,24346262.028509,71,112,0,12,23176121.309671,52,128,0,1,19982985.389228,44,148,0,1,18654457.347395,33,96,0,1,20540983.107616,18,104,0,1,22531597.109326,43,164,0,1,17600532.275993,24,168,0,1,20280061.127194,66,148,0,12,24796615.171359,11,120,0,1,22300894.498923,10,156,0,1,22226964.190988,35,120,0,1,20957262.677542,
2,1553681016,0.195000,19,88,0,1,22411937.615843,53,104,0,1,21471796.744026,
22,1553681016,0.395000,13,164,0,1,19740810.903857,15,160,0,1,19289744.849812,28,148,0,1,20034450.586374,17,144,0,1,21123306.463409,20,168,0,1,21511015.889755,42,148,0,1,20657580.871708,84,148,0,12,21523269.858232,34,168,0,1,18356924.374925,67,148,0,12,20709049.469183,61,148,0,12,22444851.438059,62,136,0,12,24346369.975556,71,112,0,12,23176090.876491,52,128,0,1,19982948.604169,44,148,0,1,18654359.085219,33,96,0,1,20541140.177026,18,104,3,1,22531561.964587,43,164,0,1,17600554.141116,24,168,0,1,20279952.639190,66,148,0,12,24796528.862582,11,120,0,1,22300881.079706,10,156,0,1,22226900.881598,35,120,0,1,20957124.053012,
2,1553681016,0.395000,19,88,0,1,22411787.927875,53,104,0,1,21471641.297486,
22,1553681016,0.595000,13,164,0,1,19740906.059895,15,160,0,1,19289776.923312,28,148,0,1,20034523.371232,17,144,0,1,21123213.732952,20,168,0,1,21511030.530488,42,148,0,1,20657718.658628,84,148,0,12,21523311.564253,34,168,0,1,18356924.479626,67,148,0,12,20709066.413345,61,148,0,12,22444783.870816,62,136,0,12,24346477.940053,71,112,0,12,23176061.891679,52,128,0,1,19982911.749309,44,148,0,1,18654260.788143,33,96,0,1,20541296.356475,18,104,2,1,22531526.052039,43,164,0,1,17600576.006239,24,168,0,1,20279844.168637,66,148,0,12,24796442.606156,11,120,0,1,22300868.916904,10,156,0,1,22226837.659460,35,120,0,1,20956985.585534,
2,1553681016,0.595000,19,88,0,1,22411639.688275,53,104,0,1,21471485.571743,
22,1553681016,0.795000,13,164,0,1,19741001.233382,15,160,0,1,19289809.031713,28,148,0,1,20034596.190990,17,144,0,1,21123121.176997,20,168,0,1,21511045.206121,42,148,0,1,20657856.724750,84,148,0,12,21523353.601827,34,168,0,1,18356924.392375,67,148,0,12,20709083.078303,61,148,0,12,22444716.198871,62,136,0,12,24346586.044152,71,112,0,12,23176031.720253,52,128,0,1,19982874.929350,44,148,0,1,18654162.491066,33,96,0,1,20541452.047318,18,104,0,1,22531490.104591,43,164,0,1,17600597.731760,24,168,0,1,20279735.680633,66,148,0,12,24796356.297379,11,120,0,1,22300856.614501,10,156,0,1,22226774.245368,35,120,0,1,20956847.885866,
2,1553681016,0.795000,19,88,0,1,22411490.837918,53,100,0,1,21471329.322493,
22,1553681016,0.995000,13,164,0,1,19741096.511571,15,160,0,1,19289841.122663,28,148,0,1,20034668.975849,17,144,0,1,21123028.568691,20,168,0,1,21511060.003906,42,148,0,1,20657994.546570,84,148,0,12,21523395.569601,34,168,0,1,18356924.514526,67,148,0,12,20709099.813062,61,148,0,12,22444648.579278,62,136,0,12,24346694.392554,71,112,0,12,23176002.875043,52,128,0,1,19982838.196642,44,148,0,1,18654064.263791,33,96,0,1,20541608.017364,18,108,2,1,22531454.488696,43,164,0,1,17600619.614333,24,168,0,1,20279627.157729,66,148,0,12,24796270.145654,11,120,0,1,22300840.211296,10,156,0,1,22226710.935978,35,120,0,1,20956710.517752,
2,1553681016,0.995000,19,88,0,1,22411342.354015,53,100,0,1,21471173.893404,
22,1553681017,0.195000,13,164,0,1,19741191.685059,15,160,0,1,19289873.178713,28,148,0,1,20034741.778157,17,144,0,1,21122935.995286,20,168,0,1,21511074.574838,42,148,0,1,20658132.420740,84,148,0,12,21523437.415223,34,168,0,1,18356924.654128,67,148,0,12,20709116.669972,61,148,0,12,22444581.116736,62,136,0,12,24346802.531553,71,112,0,12,23175973.384175,52,128,0,1,19982801.498834,44,148,0,1,18653965.931814,33,96,0,1,20541764.318964,18,108,2,1,22531418.593598,43,164,0,1,17600641.409655,24,168,0,1,20279518.565024,66,148,0,12,24796183.976479,11,120,0,1,22300826.617576,10,156,0,1,22226647.731290,35,120,0,1,20956575.313465,
2,1553681017,0.195000,19,88,0,1,22411193.067403,53,100,0,1,21471018.342163,
22,1553681017,0.395000,13,164,0,1,19741286.875996,15,160,0,1,19289905.304564,28,148,0,1,20034814.528115,17,144,0,1,21122843.404431,20,168,0,1,21511089.233020,42,148,0,1,20658270.382162,84,148,0,12,21523479.138694,34,168,0,1,18356924.898431,67,148,0,12,20709133.544332,61,148,0,12,22444513.689094,62,136,0,12,24346910.740354,71,112,0,12,23175944.312112,52,128,0,1,19982764.835926,44,148,0,1,18653867.669638,33,96,0,1,20541920.236660,18,104,2,1,22531383.291808,43,164,0,1,17600663.257328,24,168,0,1,20279410.059570,66,148,0,12,24796097.737503,11,120,0,1,22300812.919155,10,156,0,1,22226584.334649,35,120,0,1,20956437.613797,
1,1553681017,0.395000,53,100,0,1,21470861.866061,
22,1553681017,0.594000,13,164,0,1,19741381.491077,15,160,0,1,19289937.255913,28,148,0,1,20034887.016319,17,144,0,1,21122751.371983,20,164,0,1,21511103.716701,42,148,0,1,20658407.697925,84,148,0,12,21523520.774913,34,168,0,1,18356925.003132,67,148,0,12,20709150.471044,61,148,0,12,22444446.558107,62,136,0,12,24347018.512898,71,112,0,12,23175914.908495,52,128,0,1,19982728.207919,44,148,0,1,18653769.913518,33,96,0,1,20542075.281844,18,104,2,1,22531347.361809,43,164,0,1,17600685.105000,24,168,0,1,20279302.007822,66,148,0,12,24796011.742830,11,120,0,1,22300799.639540,10,156,0,1,22226521.252112,35,120,0,1,20956301.170544,
1,1553681017,0.594000,53,100,0,1,21470706.559123,
22,1553681017,0.794000,13,164,0,1,19741476.734365,15,160,0,1,19289969.277062,28,148,0,1,20034959.870978,17,144,0,1,21122658.885829,20,164,0,1,21511118.374884,42,148,0,1,20658545.589546,84,148,0,12,21523562.655436,34,168,0,1,18356925.160184,67,148,0,12,20709167.607158,61,148,0,12,22444379.095565,62,136,0,12,24347126.669348,71,112,0,12,23175885.679381,52,128,0,1,19982691.492661,44,148,0,1,18653671.633891,33,92,0,1,20542231.618345,18,108,2,1,22531312.391573,43,164,0,1,17600706.935223,24,168,0,1,20279193.432567,66,148,0,12,24795925.399152,11,120,0,1,22300785.627015,10,156,0,1,22226457.907821,35,120,0,1,20956161.568802,
1,1553681017,0.794000,53,100,0,1,21470550.397124,
22,1553681017,0.994000,13,164,0,1,19741571.942753,15,160,0,1,19290001.420363,28,148,0,1,20035032.725637,17,144,0,1,21122566.399675,20,164,0,1,21511133.067967,42,148,0,1,20658683.481166,84,148,0,12,21523604.762811,34,168,0,1,18356925.247436,67,148,0,12,20709184.376817,61,148,0,12,22444311.633023,62,136,0,12,24347234.825798,71,112,0,12,23175855.979110,52,132,0,1,19982654.794853,44,144,0,1,18653573.371715,33,92,0,1,20542387.658192,18,108,2,1,22531275.815917,43,164,0,1,17600728.782895,24,168,0,1,20279084.839862,66,148,0,12,24795839.369579,11,120,0,1,22300773.150109,10,156,0,1,22226394.598431,35,120,0,1,20956025.265151,
1,1553681017,0.994000,53,100,0,1,21470394.566680,
22,1553681018,0.194000,13,164,0,1,19741667.186042,15,160,0,1,19290033.650916,28,148,0,1,20035105.667548,17,144,0,1,21122473.756469,20,164,0,1,21511147.656349,42,148,0,1,20658821.285536,84,148,0,12,21523646.713135,34,168,0,1,18356925.264886,67,144,0,12,20709201.320978,61,148,0,12,22444244.170481,62,136,0,12,24347342.912446,71,112,0,12,23175826.802346,52,132,0,1,19982618.027244,44,144,0,1,18653475.109539,33,92,0,1,20542544.849753,18,108,2,1,22531239.955719,43,164,0,1,17600750.578217,24,168,0,1,20278976.316958,66,148,0,12,24795753.078252,11,116,0,1,22300758.631528,10,156,0,1,22226331.254141,35,120,0,1,20955888.996401,
1,1553681018,0.194000,53,100,0,1,21470238.526833,
22,1553681018,0.394000,13,164,0,1,19741762.411880,15,160,0,1,19290065.724416,28,148,0,1,20035178.417505,17,144,0,1,21122381.026012,20,164,0,1,21511162.489035,42,148,0,1,20658959.159706,84,148,0,12,21523688.471506,34,168,0,1,18356925.387037,67,144,0,12,20709218.369841,61,148,0,12,22444176.533437,62,136,0,12,24347451.033995,71,112,0,12,23175797.869885,52,132,0,1,19982581.259636,44,144,0,1,18653376.795013,33,92,0,1,20542701.517808,18,108,2,1,22531203.502214,43,164,0,1,17600772.495691,24,168,0,1,20278867.846404,66,148,0,12,24795666.577523,11,116,0,1,22300741.146410,10,156,0,1,22226267.909850,35,120,0,1,20955750.738326,
1,1553681018,0.394000,53,100,0,1,21470082.364834,
22,1553681018,0.594000,13,164,0,1,19741857.602818,15,160,0,1,19290097.815366,28,148,0,1,20035251.272164,17,144,0,1,21122288.452607,20,160,0,1,21511177.182118,42,148,0,1,20659097.068777,84,148,0,12,21523730.334578,34,168,0,1,18356925.491739,67,144,0,12,20709235.366353,61,148,0,12,22444108.948744,62,136,0,12,24347559.155544,71,112,0,12,23175767.297104,52,132,0,1,19982544.404776,44,144,0,1,18653278.567737,33,92,0,1,20542858.133513,18,108,2,1,22531168.043372,43,164,0,1,17600794.325913,24,168,0,1,20278759.358400,66,144,0,12,24795580.268746,11,116,0,1,22300727.290937,10,156,0,1,22226204.513209,35,124,0,1,20955615.551489,
1,1553681018,0.594000,53,100,0,1,21469926.359887,
22,1553681018,0.794000,13,164,0,1,19741952.863556,15,160,0,1,19290129.853966,28,148,0,1,20035324.179174,17,144,0,1,21122195.966452,20,160,0,1,21511191.875201,42,148,0,1,20659235.030198,84,148,0,12,21523772.250001,34,168,0,1,18356925.578990,67,144,0,12,20709252.153462,61,148,0,12,22444041.556003,62,136,0,12,24347667.172392,71,112,0,12,23175737.369980,52,132,0,1,19982507.759318,44,144,0,1,18653180.323011,33,92,0,1,20543014.190810,18,108,2,1,22531132.218075,43,164,0,1,17600816.208486,24,168,0,1,20278650.870397,66,144,0,12,24795493.977419,11,116,0,1,22300713.121360,10,156,0,1,22226141.291070,35,124,0,1,20955477.764570,
1,1553681018,0.794000,53,100,0,1,21469771.140201,
