obsCount, time1, time2, sat, SNR, LLI, code,P
22,1553681725,0.189000,24,172,0,1,18362042.745715,33,76,0,1,19560470.711565,13,156,0,1,18550863.891231,28,128,0,1,18761026.530890,15,152,0,1,17884618.992835,18,80,0,1,20885819.103648,20,128,0,1,20044387.124259,17,168,0,1,19268467.415417,43,120,0,1,16156786.330024,34,156,0,1,16851361.608469,44,140,0,1,16779248.450834,42,132,0,1,19603893.709800,52,96,0,1,18347131.165327,19,100,0,1,20345587.881421,10,164,0,1,20481980.964552,35,156,0,1,18946098.436561,71,92,0,12,21544162.113971,51,92,0,1,20451139.598558,53,160,0,1,19385944.785860,62,88,0,12,23189301.581281,67,160,0,12,19242053.184652,66,156,0,12,22956385.951715,
2,1553681725,0.189000,61,132,0,12,20670156.406435,84,116,0,12,20136315.122390,
22,1553681725,0.389000,24,172,0,1,18361951.463626,33,80,0,1,19560642.002903,13,156,0,1,18550979.394222,28,128,0,1,18761117.272022,15,152,0,1,17884676.072497,18,80,0,1,20885807.603955,20,132,0,1,20044427.032907,17,168,0,1,19268395.852074,43,120,0,1,16156831.421386,34,156,0,1,16851393.996074,44,140,0,1,16779171.233620,42,132,0,1,19604043.450118,52,100,0,1,18347127.239028,19,100,0,1,20345454.614108,10,168,0,1,20481941.893514,35,156,0,1,18945983.561778,71,92,0,12,21544153.231810,51,92,0,1,20451274.541092,53,160,0,1,19385806.632486,62,92,0,12,23189423.191849,67,160,0,12,19242090.545568,66,156,0,12,22956316.342797,
2,1553681725,0.389000,61,132,0,12,20670104.526938,84,116,0,12,20136372.620858,
22,1553681725,0.589000,24,172,0,1,18361860.111736,33,80,0,1,19560814.219101,13,148,0,1,18551094.635460,28,132,0,1,18761207.960804,15,152,0,1,17884733.152159,18,76,0,1,20885796.627768,20,132,0,1,20044466.854304,17,164,0,1,19268324.166580,43,120,0,1,16156877.577212,34,156,0,1,16851426.470929,44,140,0,1,16779093.964056,42,132,0,1,19604193.172986,52,100,0,1,18347124.551695,19,100,0,1,20345319.043366,10,164,0,1,20481902.944628,35,156,0,1,18945868.634644,71,92,0,12,21544144.751004,51,92,0,1,20451410.356136,53,160,0,1,19385668.479112,62,88,0,12,23189544.662814,67,160,0,12,19242128.063536,66,156,0,12,22956246.943281,
2,1553681725,0.589000,61,132,0,12,20670052.717241,84,112,0,12,20136430.101875,
22,1553681725,0.789000,24,172,0,1,18361768.672595,33,76,0,1,19560985.684941,13,148,0,1,18551210.121001,28,132,0,1,18761298.527434,15,152,0,1,17884790.336523,18,76,0,1,20885786.558992,20,132,0,1,20044506.832753,17,164,0,1,19268252.655587,43,120,0,1,16156923.907540,34,152,0,1,16851458.928334,44,140,0,1,16779016.711942,42,132,0,1,19604342.791153,52,100,0,1,18347121.061651,19,100,0,1,20345184.083382,10,164,0,1,20481864.030642,35,156,0,1,18945753.672609,71,92,0,12,21544134.629878,51,92,0,1,20451545.996679,53,160,0,1,19385530.343188,62,88,0,12,23189666.290832,67,160,0,12,19242165.564054,66,156,0,12,22956177.404163,
2,1553681725,0.789000,61,132,0,12,20670000.890095,84,112,0,12,20136488.263450,
22,1553681725,0.989000,24,172,0,1,18361677.320705,33,76,0,1,19561157.307832,13,144,0,1,18551325.589092,28,132,0,1,18761389.216216,15,152,0,1,17884847.538336,18,76,0,1,20885775.286151,20,132,0,1,20044546.723951,17,164,0,1,19268181.074794,43,124,0,1,16156971.860739,34,156,0,1,16851491.403189,44,140,0,1,16778939.424928,42,132,0,1,19604492.514021,52,100,0,1,18347117.065551,19,100,0,1,20345049.856308,10,164,0,1,20481825.134107,35,156,0,1,18945638.797826,71,92,0,12,21544128.208198,51,92,0,1,20451680.642559,53,164,0,1,19385392.224715,62,88,0,12,23189787.901399,67,160,0,12,19242202.680667,66,156,0,12,22956107.742894,
2,1553681725,0.989000,61,128,0,12,20669949.062948,84,112,0,12,20136547.611641,
22,1553681726,0.189000,24,172,0,1,18361586.125868,33,76,0,1,19561330.396542,13,144,0,1,18551440.900130,28,132,0,1,18761479.887547,15,152,0,1,17884904.757600,18,76,0,1,20885765.025423,20,132,0,1,20044586.562798,17,164,0,1,19268109.633603,43,124,0,1,16157015.939989,34,156,0,1,16851523.930395,44,140,0,1,16778862.242614,42,132,0,1,19604642.114738,52,100,0,1,18347114.064114,19,100,0,1,20344916.013138,10,164,0,1,20481786.185221,35,156,0,1,18945523.783441,71,92,0,12,21544119.657591,51,92,0,1,20451816.527404,53,164,0,1,19385254.106241,62,88,0,12,23189908.761607,67,160,0,12,19242240.041583,66,156,0,12,22956038.168876,
2,1553681726,0.189000,61,128,0,12,20669897.200901,84,112,0,12,20136605.302061,
22,1553681726,0.389000,24,172,0,1,18361494.843779,33,76,0,1,19561502.211386,13,144,0,1,18551556.228619,28,132,0,1,18761570.576329,15,152,0,1,17884961.854713,18,76,0,1,20885754.380790,20,136,0,1,20044626.471446,17,164,0,1,19268038.105160,43,124,0,1,16157062.549520,34,156,0,1,16851556.387800,44,140,0,1,16778784.938150,42,132,0,1,19604791.767805,52,100,0,1,18347109.963313,19,100,0,1,20344781.332357,10,164,0,1,20481747.253785,35,156,0,1,18945408.856307,71,92,0,12,21544110.810331,51,92,0,1,20451952.133046,53,164,0,1,19385116.022668,62,88,0,12,23190029.499664,67,160,0,12,19242277.419950,66,156,0,12,22955968.507606,
2,1553681726,0.389000,61,128,0,12,20669845.286503,84,112,0,12,20136663.236784,
22,1553681726,0.589000,24,172,0,1,18361403.526789,33,76,0,1,19561674.026230,13,140,0,1,18551671.644360,28,132,0,1,18761661.247660,15,152,0,1,17885018.916925,18,72,0,1,20885744.626119,20,136,0,1,20044666.362644,17,164,0,1,19267966.454566,43,128,0,1,16157108.042238,34,156,0,1,16851589.019707,44,144,0,1,16778707.703486,42,132,0,1,19604941.508124,52,104,0,1,18347105.600758,19,96,0,1,20344646.930780,10,164,0,1,20481708.444501,35,160,0,1,18945294.016424,71,92,0,12,21544101.544265,51,92,0,1,20452086.709126,53,164,0,1,19384977.834394,62,88,0,12,23190150.133019,67,160,0,12,19242314.728515,66,156,0,12,22955898.985939,
2,1553681726,0.589000,61,128,0,12,20669793.354655,84,112,0,12,20136720.246645,
22,1553681726,0.789000,24,172,0,1,18361312.122549,33,76,0,1,19561846.172628,13,140,0,1,18551787.112450,28,132,0,1,18761752.023693,15,152,0,1,17885076.083838,18,76,0,1,20885734.138538,20,136,0,1,20044706.184040,17,164,0,1,19267894.873773,43,128,0,1,16157152.871847,34,156,0,1,16851621.424761,44,144,0,1,16778630.590974,42,128,0,1,19605091.021589,52,104,0,1,18347102.895974,19,96,0,1,20344512.284900,10,164,0,1,20481669.530516,35,160,0,1,18945179.002039,71,92,0,12,21544092.417801,51,92,0,1,20452222.279867,53,156,0,1,19384839.646120,62,88,0,12,23190271.935539,67,160,0,12,19242352.019630,66,156,0,12,22955829.219968,
2,1553681726,0.789000,61,128,0,12,20669741.632210,84,112,0,12,20136778.809576,
22,1553681726,0.989000,24,172,0,1,18361220.805559,33,76,0,1,19562018.598229,13,144,0,1,18551902.510740,28,132,0,1,18761842.660124,15,148,0,1,17885133.372903,18,76,0,1,20885724.436217,20,136,0,1,20044746.057788,17,164,0,1,19267823.223179,43,124,0,1,16157197.090699,34,156,0,1,16851654.039218,44,144,0,1,16778553.216709,42,112,0,1,19605241.302865,52,104,0,1,18347098.463619,19,96,0,1,20344378.075275,10,164,0,1,20481630.581630,35,160,0,1,18945064.057454,71,92,0,12,21544083.605441,51,92,0,1,20452357.257302,53,140,0,1,19384701.422945,62,92,0,12,23190394.697821,67,160,0,12,19242389.328196,66,156,0,12,22955759.506348,
2,1553681726,0.989000,61,124,0,12,20669689.839963,84,112,0,12,20136837.232905,
22,1553681727,0.189000,24,172,0,1,18361129.540920,33,76,0,1,19562190.657376,13,144,0,1,18552017.926480,28,132,0,1,18761933.261654,15,148,0,1,17885190.696868,18,76,0,1,20885714.262740,20,136,0,1,20044786.071137,17,160,0,1,19267751.624936,43,124,0,1,16157243.141824,34,156,0,1,16851686.653675,44,144,0,1,16778475.999495,42,112,0,1,19605391.322387,52,104,3,1,18347095.252779,19,96,0,1,20344244.301906,10,164,0,1,20481591.650194,35,160,0,1,18944948.816216,71,96,0,12,21544073.013159,51,92,0,1,20452491.449476,53,148,0,1,19384563.217221,62,92,0,12,23190517.285600,67,160,0,12,19242426.689112,66,156,0,12,22955689.705478,
2,1553681727,0.189000,61,124,0,12,20669638.274570,84,112,0,12,20136892.637346,
22,1553681727,0.389000,24,164,0,1,18361038.171580,33,76,0,1,19562362.664173,13,144,0,1,18552133.429472,28,116,0,1,18762023.985336,15,148,0,1,17885247.933583,18,76,0,1,20885704.019462,20,140,0,1,20044825.944885,17,160,0,1,19267680.079043,43,144,0,1,16157286.959320,34,144,0,1,16851719.093630,44,144,0,1,16778398.747381,42,108,0,1,19605540.800952,52,104,2,1,18347091.989588,19,96,0,1,20344110.144632,10,164,0,1,20481552.928161,35,160,0,1,18944833.906533,51,92,0,1,20452625.851053,53,152,0,1,19384424.924245,62,92,0,12,23190639.733778,67,156,0,12,19242464.207080,66,156,0,12,22955620.218710,61,124,0,12,20669586.429973,
1,1553681727,0.389000,84,132,0,12,20136952.421792,
22,1553681727,0.589000,24,164,0,1,18360946.697539,33,76,0,1,19562534.793120,13,128,0,1,18552248.827762,28,120,0,1,18762114.656668,15,156,0,1,17885305.292448,18,76,0,1,20885693.025825,20,148,0,1,20044865.836083,17,168,0,1,19267608.568051,43,148,3,1,16157331.509726,34,116,0,1,16851751.917490,44,120,0,1,16778321.477817,42,128,0,1,19605691.623184,52,104,2,1,18347087.557233,19,96,0,1,20343975.306800,10,164,0,1,20481513.961824,35,160,0,1,18944719.031749,51,92,0,1,20452760.723786,53,160,0,1,19384286.910473,62,92,0,12,23190760.751038,67,156,0,12,19242501.655248,66,148,0,12,22955550.609792,61,140,0,12,20669534.847129,
1,1553681727,0.589000,84,112,0,12,20137011.996835,
22,1553681727,0.789000,24,164,0,1,18360855.275848,33,80,0,1,19562706.625414,13,132,0,1,18552364.295852,28,116,0,1,18762205.362899,15,164,0,1,17885362.511712,18,80,0,1,20885681.526131,20,148,0,1,20044905.517878,17,172,0,1,19267536.987258,43,136,2,1,16157379.218622,34,120,0,1,16851784.008440,44,120,0,1,16778244.923712,42,132,0,1,19605844.347489,52,104,2,1,18347083.770536,19,96,0,1,20343840.451517,10,160,0,1,20481475.100189,35,160,0,1,18944604.104615,11,128,0,1,20737917.008611,71,100,0,12,21544044.202850,51,96,0,1,20452896.800584,53,164,0,1,19384148.652398,62,92,0,12,23190883.024714,67,156,0,12,19242538.667159,
3,1553681727,0.789000,66,148,0,12,22955480.843821,61,140,0,12,20669483.211935,84,112,0,12,20137074.608217,
22,1553681727,0.989000,24,168,0,1,18360763.732006,33,80,0,1,19562878.004003,13,132,0,1,18552479.694142,28,120,0,1,18762296.191283,15,164,0,1,17885419.765877,18,84,0,1,20885669.694884,20,148,0,1,20044945.164772,17,172,0,1,19267465.511166,43,136,2,1,16157420.994443,34,120,0,1,16851814.581222,44,120,0,1,16778168.509208,42,116,0,1,19605994.890518,52,104,2,1,18347079.931488,19,96,0,1,20343706.381494,10,152,0,1,20481436.011702,35,160,0,1,18944489.247282,11,132,0,1,20737920.638256,71,100,0,12,21544035.250888,51,96,0,1,20453031.533715,53,164,0,1,19384010.568825,62,92,0,12,23191004.373528,67,156,0,12,19242576.220028,
3,1553681727,0.989000,66,148,0,12,22955410.781197,61,140,0,12,20669431.384788,84,116,0,12,20137129.820706,
22,1553681728,0.189000,24,168,0,1,18360672.467367,33,80,0,1,19563049.836297,13,132,0,1,18552595.266934,28,136,0,1,18762386.897515,15,164,0,1,17885476.967690,18,92,0,1,20885658.247541,20,156,0,1,20044985.073420,17,176,0,1,19267393.930373,43,136,3,1,16157465.108593,34,120,0,1,16851845.537908,44,124,0,1,16778093.298770,42,120,0,1,19606145.293944,52,104,0,1,18347076.825349,19,96,0,1,20343571.875216,10,152,0,1,20481397.062816,35,160,0,1,18944374.302698,11,132,0,1,20737933.638668,71,124,0,12,21544025.600918,51,96,0,1,20453166.633301,53,164,0,1,19383872.363100,62,92,0,12,23191125.652541,67,152,0,12,19242613.563494,
3,1553681728,0.189000,66,144,0,12,22955341.050127,61,140,0,12,20669379.749594,84,116,0,12,20137189.238697,
22,1553681728,0.389000,24,168,0,1,18360581.098027,33,80,0,1,19563221.668591,13,128,0,1,18552711.293432,28,144,0,1,18762477.586296,15,164,0,1,17885534.029902,18,96,0,1,20885646.468644,20,156,0,1,20045024.964618,17,172,0,1,19267322.489181,43,144,2,1,16157507.809276,34,124,0,1,16851878.030213,44,124,0,1,16778019.903154,42,116,0,1,19606296.849086,52,104,0,1,18347073.108453,19,96,0,1,20343437.874994,10,160,0,1,20481358.218631,35,160,0,1,18944259.218512,11,152,0,1,20737944.649756,71,124,1,12,21544015.654293,51,96,0,1,20453301.994640,53,164,0,1,19383734.227177,62,92,0,12,23191246.931555,67,152,0,12,19242651.029111,
3,1553681728,0.389000,66,144,0,12,22955271.092204,61,140,0,12,20669327.800296,84,120,0,12,20137249.372147,
22,1553681728,0.589000,24,164,0,1,18360489.676336,33,80,0,1,19563393.780089,13,128,0,1,18552827.389731,28,144,0,1,18762568.100576,15,164,0,1,17885591.092114,18,96,0,1,20885635.492457,20,156,0,1,20045064.768565,17,172,0,1,19267250.856037,43,144,2,1,16157552.691236,34,120,0,1,16851914.239415,44,124,0,1,16777942.197334,42,116,0,1,19606445.402789,52,100,0,1,18347070.019764,19,96,0,1,20343304.049274,10,160,0,1,20481319.217394,35,164,0,1,18944144.134326,11,152,0,1,20737960.075748,71,128,0,12,21544006.283527,51,96,0,1,20453438.158689,53,168,0,1,19383596.004002,62,92,0,12,23191368.768975,67,152,0,12,19242688.407478,
3,1553681728,0.589000,66,144,0,12,22955201.204082,61,144,0,12,20669275.885898,84,116,0,12,20137311.285520,
22,1553681728,0.789000,24,164,0,1,18360398.237195,33,80,0,1,19563565.577482,13,132,0,1,18552941.688657,28,148,0,1,18762658.579955,15,164,0,1,17885648.084526,20,156,0,1,20045104.642312,17,168,0,1,19267179.379945,43,132,2,1,16157602.686110,34,120,0,1,16851949.174751,44,120,0,1,16777867.283550,42,116,0,1,19606592.560475,52,96,0,1,18347065.918963,19,96,0,1,20343170.590009,10,160,0,1,20481280.251058,35,164,0,1,18944029.067590,11,144,0,1,20737969.952571,71,140,0,12,21543995.377140,51,100,0,1,20453573.677080,53,164,0,1,19383457.885529,62,92,0,12,23191490.222490,67,144,0,12,19242726.012697,66,144,0,12,22955131.315960,
2,1553681728,0.789000,61,152,0,12,20669224.390306,84,116,0,12,20137378.294356,
22,1553681728,0.989000,24,160,0,1,18360306.798054,33,80,0,1,19563738.247387,13,132,0,1,18553058.884319,28,148,0,1,18762749.024433,15,164,0,1,17885705.059486,20,156,0,1,20045144.516060,17,168,0,1,19267107.851503,43,132,2,1,16157647.812373,34,136,0,1,16851980.585143,44,120,0,1,16777791.060999,42,120,0,1,19606742.771950,52,92,0,1,18347061.853062,19,100,0,1,20343036.432735,10,160,0,1,20481241.232371,35,168,0,1,18943914.105556,11,144,0,1,20737990.665980,71,140,0,12,21543983.144538,51,100,0,1,20453709.369973,53,164,0,1,19383319.836856,62,92,0,12,23191612.391465,67,144,0,12,19242763.670267,66,144,0,12,22955061.462738,
2,1553681728,0.989000,61,148,0,12,20669172.720211,84,112,0,12,20137442.860162,
22,1553681729,0.189000,24,156,0,1,18360215.446165,33,80,0,1,19563909.381672,13,128,0,1,18553172.781890,28,160,0,1,18762839.434011,15,156,0,1,17885762.208950,20,156,0,1,20045184.407258,17,164,0,1,19267036.235809,43,144,2,1,16157695.765571,34,140,0,1,16852011.594180,44,124,0,1,16777713.180677,42,136,0,1,19606889.475930,52,96,0,1,18347057.909313,19,100,0,1,20342901.751954,10,160,0,1,20481202.440537,35,168,0,1,18943799.335474,11,144,3,1,20737997.838019,71,136,0,12,21543974.838234,51,100,0,1,20453844.347407,53,164,0,1,19383181.648582,62,92,0,12,23191734.420838,67,144,0,12,19242801.275486,66,144,0,12,22954991.714218,
2,1553681729,0.189000,61,140,0,12,20669120.962865,84,112,0,12,20137500.550582,
22,1553681729,0.389000,24,156,0,1,18360124.007024,33,80,0,1,19564080.987113,13,128,0,1,18553291.513172,28,160,0,1,18762929.861039,15,156,0,1,17885819.445664,20,152,0,1,20045224.263555,17,160,0,1,19266964.689917,43,144,2,1,16157742.322752,34,148,0,1,16852046.878520,44,128,0,1,16777635.893662,42,136,0,1,19607038.273937,52,100,0,1,18347054.157516,19,104,0,1,20342767.175875,10,160,0,1,20481163.439301,35,172,0,1,18943684.425790,11,140,2,1,20738013.892220,71,136,0,12,21543964.403004,51,100,0,1,20453979.481893,53,164,0,1,19383043.547559,62,92,0,12,23191855.490448,67,144,0,12,19242838.758554,66,144,0,12,22954921.913347,
2,1553681729,0.389000,61,140,0,12,20669069.257870,84,108,0,12,20137549.341390,
22,1553681729,0.589000,24,156,0,1,18360032.899437,33,80,0,1,19564252.208650,13,128,0,1,18553409.441743,28,160,0,1,18763020.357869,15,156,0,1,17885876.821980,20,152,0,1,20045264.067502,17,156,0,1,19266893.144024,43,144,2,1,16157789.996747,34,140,0,1,16852078.725167,44,128,0,1,16777558.606648,42,140,0,1,19607187.612900,52,124,0,1,18347048.957351,19,100,0,1,20342632.948800,10,164,0,1,20481124.560215,35,168,0,1,18943569.516106,11,140,2,1,20738029.946420,71,136,0,12,21543955.573194,51,100,0,1,20454114.319726,53,164,0,1,19382905.463986,62,92,0,12,23191976.682210,67,144,0,12,19242876.224171,66,144,0,12,22954852.252078,
2,1553681729,0.589000,61,140,0,12,20669017.360922,84,108,0,12,20137598.341602,
22,1553681729,0.789000,24,160,0,1,18359941.617348,33,80,0,1,19564422.557675,13,132,0,1,18553529.080436,28,160,0,1,18763110.994300,15,156,0,1,17885934.041244,18,92,0,1,20885575.585859,20,152,0,1,20045304.011050,17,156,0,1,19266821.598131,43,144,2,1,16157834.041097,34,136,0,1,16852110.187910,44,124,0,1,16777481.022980,42,140,0,1,19607337.248517,52,124,0,1,18347039.795987,19,104,0,1,20342498.442522,10,164,0,1,20481085.716031,35,168,0,1,18943454.571522,11,140,2,1,20738040.974958,71,136,0,12,21543949.343466,51,100,0,1,20454250.274372,53,164,0,1,19382767.345512,62,96,0,12,23192097.978674,67,144,0,12,19242913.707239,
3,1553681729,0.789000,66,144,0,12,22954782.660610,61,144,0,12,20668965.865330,84,108,0,12,20137647.202211,
22,1553681729,0.989000,24,160,0,1,18359850.143306,33,80,0,1,19564594.389970,13,136,0,1,18553642.716254,28,160,0,1,18763201.595830,15,156,0,1,17885991.173256,18,92,0,1,20885565.848638,20,152,0,1,20045343.849897,17,156,0,1,19266750.174390,43,144,2,1,16157879.725767,34,136,0,1,16852143.360774,44,124,0,1,16777407.679715,42,140,0,1,19607486.133775,52,124,3,1,18347032.885701,19,100,0,1,20342363.133533,10,164,0,1,20481046.749695,35,168,0,1,18943339.696738,11,140,2,1,20738054.394175,71,136,0,12,21543938.192777,51,100,0,1,20454386.438421,53,168,0,1,19382629.384091,62,96,0,12,23192218.018722,67,144,0,12,19242951.242657,
3,1553681729,0.989000,66,144,0,12,22954713.348345,61,144,0,12,20668914.107984,84,108,0,12,20137700.390475,
22,1553681730,0.189000,24,160,0,1,18359758.861217,33,80,0,1,19564767.059874,13,144,0,1,18553756.701076,28,156,0,1,18763292.232261,15,156,0,1,17886048.322720,18,88,0,1,20885555.622810,20,148,0,1,20045383.671294,17,164,0,1,19266678.750649,43,144,2,1,16157924.188922,34,136,0,1,16852178.488062,44,124,0,1,16777330.602103,42,140,0,1,19607634.844531,52,124,3,1,18347024.020990,19,100,0,1,20342229.063510,10,164,0,1,20481007.922960,35,168,0,1,18943224.856855,11,140,2,1,20738066.556977,71,136,0,12,21543933.114764,51,100,0,1,20454521.956812,53,168,0,1,19382491.405219,62,96,0,12,23192338.774228,67,144,0,12,19242988.725725,
3,1553681730,0.189000,66,140,0,12,22954644.070980,61,144,0,12,20668862.594941,84,112,1,12,20137753.282085,
22,1553681730,0.389000,24,160,0,1,18359667.404626,33,76,0,1,19564938.578064,13,144,0,1,18553871.924864,28,152,0,1,18763382.798891,15,156,0,1,17886105.629235,18,88,0,1,20885545.798338,20,148,0,1,20045423.597392,17,164,0,1,19266607.239656,43,144,2,1,16157970.501800,34,132,0,1,16852210.910567,44,120,0,1,16777250.104249,42,152,0,1,19607785.230507,52,124,2,1,18347017.372457,19,100,0,1,20342095.080739,10,164,0,1,20480968.991524,35,168,0,1,18943109.964622,11,136,2,1,20738079.347986,71,132,0,12,21543923.255391,51,100,0,1,20454656.881896,53,168,0,1,19382353.251845,62,92,0,12,23192459.721688,67,144,0,12,19243026.296044,
3,1553681730,0.389000,66,144,0,12,22954574.496962,61,144,0,12,20668811.151699,84,112,0,12,20137813.799440,
22,1553681730,0.589000,24,160,0,1,18359576.035286,33,72,0,1,19565110.445259,13,140,0,1,18553984.653271,28,152,0,1,18763473.540023,15,156,0,1,17886162.708897,18,88,0,1,20885535.014103,20,148,0,1,20045463.506040,17,160,0,1,19266535.658863,43,144,2,1,16158016.326071,34,132,0,1,16852246.683513,44,120,0,1,16777170.391654,42,152,0,1,19607935.895687,52,124,2,1,18347009.048703,19,100,0,1,20341960.225456,10,164,0,1,20480930.252041,35,168,0,1,18942995.020037,11,136,2,1,20738090.725528,71,132,0,12,21543912.069801,51,100,0,1,20454791.998932,53,168,0,1,19382215.168272,62,92,0,12,23192582.641021,67,148,0,12,19243063.726761,
3,1553681730,0.589000,66,144,0,12,22954505.027645,61,140,0,12,20668759.516505,84,112,0,12,20137877.562536,
22,1553681730,0.789000,24,156,0,1,18359484.700846,33,72,0,1,19565281.876198,13,140,0,1,18554098.777695,28,148,0,1,18763564.089203,15,156,0,1,17886220.032862,18,84,0,1,20885524.352020,20,148,0,1,20045503.501939,17,160,0,1,19266464.147871,43,144,2,1,16158063.738313,34,132,0,1,16852280.554386,44,120,0,1,16777093.279142,42,152,0,1,19608086.944772,52,124,2,1,18347002.173318,19,100,0,1,20341825.701727,10,164,0,1,20480891.338055,35,168,0,1,18942880.267406,11,136,2,1,20738102.835979,71,132,0,12,21543909.591870,51,96,0,1,20454926.836764,53,168,0,1,19382077.241751,62,92,0,12,23192704.146888,67,148,0,12,19243101.262179,
3,1553681730,0.789000,66,140,0,12,22954435.610679,61,140,0,12,20668707.741709,84,116,0,12,20137933.193830,
22,1553681730,0.989000,24,156,0,1,18359393.383857,33,68,0,1,19565453.586340,13,140,0,1,18554212.692716,28,148,0,1,18763654.586032,15,156,0,1,17886277.356827,18,84,0,1,20885513.655037,20,144,0,1,20045543.393137,17,160,0,1,19266392.706679,43,144,2,1,16158112.180117,34,132,0,1,16852315.629323,44,120,0,1,16777018.278106,42,152,0,1,19608235.847480,52,124,2,1,18346995.402633,19,100,0,1,20341691.928358,10,164,0,1,20480852.563672,35,168,0,1,18942765.514774,11,136,2,1,20738116.674002,71,132,0,12,21543900.587558,51,96,0,1,20455062.896112,53,168,0,1,19381939.175629,62,92,0,12,23192825.600403,67,148,0,12,19243138.553295,
3,1553681730,0.989000,66,140,0,12,22954366.054111,61,140,0,12,20668656.560220,84,116,0,12,20137991.425207,
22,1553681731,0.189000,24,156,0,1,18359301.822565,33,68,0,1,19565625.907241,13,140,0,1,18554328.335309,28,148,0,1,18763745.257364,15,156,0,1,17886334.628442,18,84,0,1,20885503.394309,20,144,0,1,20045583.197084,17,160,0,1,19266321.248038,43,144,2,1,16158158.283593,34,132,0,1,16852349.604897,44,124,0,1,16776938.181607,42,152,0,1,19608383.284370,52,124,2,1,18346990.272269,19,100,0,1,20341557.666383,10,164,0,1,20480813.667136,35,168,0,1,18942650.762142,11,136,2,1,20738127.754890,71,132,0,12,21543891.234241,51,92,0,1,20455198.309802,53,168,0,1,19381801.074605,62,92,0,12,23192946.408260,67,148,0,12,19243175.896761,
3,1553681731,0.189000,66,140,0,12,22954296.584795,61,140,0,12,20668605.029727,84,116,0,12,20138047.091401,
22,1553681731,0.389000,24,152,0,1,18359210.435774,33,68,0,1,19565797.530132,13,140,0,1,18554444.501409,28,148,0,1,18763835.911245,15,156,0,1,17886391.812806,18,80,0,1,20885493.552386,20,144,0,1,20045623.070831,17,160,0,1,19266249.702145,43,144,2,1,16158206.271691,34,132,0,1,16852382.673060,44,124,0,1,16776863.407424,42,152,0,1,19608536.252978,52,124,2,1,18346986.415771,19,100,0,1,20341423.805763,10,164,0,1,20480774.840402,35,168,0,1,18942535.939709,11,136,2,1,20738139.586138,71,132,0,12,21543880.694309,51,92,0,1,20455333.583889,53,168,0,1,19381662.991032,62,92,0,12,23193066.814763,67,148,0,12,19243213.310027,
3,1553681731,0.389000,66,140,0,12,22954226.975876,61,136,0,12,20668553.377083,84,120,0,12,20138106.736245,
22,1553681731,0.589000,24,152,0,1,18359118.909382,33,64,0,1,19565969.763781,13,140,0,1,18554557.858023,28,148,0,1,18763926.390624,15,156,0,1,17886449.084420,18,80,0,1,20885483.605762,20,148,0,1,20045662.804977,17,160,0,1,19266178.156252,43,144,2,1,16158251.694608,34,132,0,1,16852411.989426,44,128,0,1,16776785.666703,42,152,0,1,19608685.993297,52,128,2,1,18346981.302857,19,100,0,1,20341288.898129,10,164,0,1,20480735.926416,35,172,0,1,18942421.012575,11,136,2,1,20738153.441611,71,132,0,12,21543866.681785,51,92,0,1,20455468.561324,53,168,0,1,19381524.802758,62,92,0,12,23193189.385092,67,144,0,12,19243251.089749,
3,1553681731,0.589000,66,144,0,12,22954157.349507,61,136,0,12,20668501.672088,84,120,0,12,20138165.002522,
22,1553681731,0.789000,24,152,0,1,18359027.487691,33,64,0,1,19566140.845716,13,136,0,1,18554671.773044,28,148,0,1,18764017.027055,15,156,0,1,17886506.425836,18,80,0,1,20885473.379934,20,148,0,1,20045702.661274,17,160,0,1,19266106.732511,43,144,2,1,16158297.850434,34,132,0,1,16852442.509857,44,128,0,1,16776709.793157,42,152,0,1,19608833.988593,52,128,2,1,18346976.696000,19,100,0,1,20341153.868344,10,164,0,1,20480697.239283,35,172,0,1,18942306.225043,11,140,2,1,20738168.064893,71,132,0,12,21543863.942100,51,92,0,1,20455602.997801,53,168,0,1,19381386.754086,62,92,0,12,23193311.588967,67,144,0,12,19243288.694968,
3,1553681731,0.789000,66,140,0,12,22954087.897641,61,136,0,12,20668450.176495,84,120,0,12,20138224.176211,
22,1553681731,0.989000,24,152,0,1,18358936.118351,33,64,0,1,19566311.718248,13,136,0,1,18554789.387512,28,152,0,1,18764107.454083,15,156,0,1,17886563.819602,18,84,0,1,20885463.956817,20,148,0,1,20045742.587372,17,160,0,1,19266035.308770,43,144,2,1,16158345.140524,34,132,0,1,16852476.939136,44,128,0,1,16776632.296740,42,152,0,1,19608980.291219,52,128,2,1,18346973.816714,19,100,0,1,20341019.257365,10,164,0,1,20480658.604501,35,172,0,1,18942191.507311,11,140,2,1,20738182.967379,71,132,0,12,21543857.694922,51,88,0,1,20455738.638344,53,168,0,1,19381248.687963,62,92,0,12,23193433.112283,67,144,0,12,19243326.439789,
3,1553681731,0.989000,66,140,0,12,22954018.079319,61,136,0,12,20668398.663452,84,120,0,12,20138278.934994,
22,1553681732,0.189000,24,152,0,1,18358844.714111,33,60,0,1,19566483.358590,13,136,0,1,18554905.693213,28,152,0,1,18764198.090514,15,156,0,1,17886621.091216,18,84,0,1,20885454.987405,20,148,0,1,20045782.478570,17,160,0,1,19265963.867579,43,144,2,1,16158390.720493,34,132,0,1,16852512.397979,44,128,0,1,16776557.592358,42,152,0,1,19609130.014087,52,128,2,1,18346971.966991,19,100,0,1,20340884.698736,10,164,0,1,20480619.917369,35,172,0,1,18942076.684879,11,140,2,1,20738196.264445,71,132,0,12,21543848.306705,51,92,0,1,20455874.750042,53,168,0,1,19381110.656740,62,92,0,12,23193555.298708,67,144,0,12,19243364.149710,
3,1553681732,0.189000,66,140,0,12,22953948.452951,61,136,0,12,20668346.993358,84,120,0,12,20138337.602626,
22,1553681732,0.389000,24,152,0,1,18358753.327321,33,60,0,1,19566653.585464,13,136,0,1,18555020.288793,28,152,0,1,18764288.622244,15,156,0,1,17886678.415182,18,84,0,1,20885445.267633,20,148,0,1,20045822.596621,17,160,0,1,19265892.478738,43,144,2,1,16158438.324687,34,132,0,1,16852543.354665,44,128,0,1,16776480.095941,42,152,0,1,19609280.644367,52,128,2,1,18346969.506510,19,100,0,1,20340748.866241,10,164,0,1,20480580.916132,35,172,0,1,18941961.722844,11,140,2,1,20738208.182944,71,132,0,12,21543836.859363,51,92,0,1,20456010.076481,53,168,0,1,19380972.573167,62,96,0,12,23193675.094453,67,144,0,12,19243401.772379,
3,1553681732,0.389000,66,140,0,12,22953879.070885,61,136,0,12,20668295.532665,84,124,0,12,20138394.490336,
22,1553681732,0.589000,24,152,0,1,18358661.940530,33,60,0,1,19566823.533134,13,136,0,1,18555135.023975,28,148,0,1,18764379.188874,15,156,0,1,17886735.791498,18,84,0,1,20885435.600213,20,148,0,1,20045862.522719,17,160,0,1,19265820.985196,43,144,2,1,16158484.846967,34,132,0,1,16852578.569204,44,128,0,1,16776404.135143,42,152,0,1,19609431.571300,52,128,2,1,18346965.231207,19,100,0,1,20340614.970720,10,164,0,1,20480542.211549,35,172,0,1,18941846.935312,11,140,2,1,20738221.549811,71,132,0,12,21543826.790587,51,88,0,1,20456145.071365,53,168,0,1,19380834.507045,62,92,0,12,23193795.570756,67,144,0,12,19243439.342698,
3,1553681732,0.589000,66,140,0,12,22953809.619018,61,136,0,12,20668243.757869,84,124,0,12,20138449.929678,
22,1553681732,0.789000,24,152,0,1,18358570.571190,33,56,0,1,19566992.782796,13,136,0,1,18555249.968559,28,148,0,1,18764469.999807,15,156,0,1,17886793.063112,18,84,0,1,20885427.485862,20,148,0,1,20045902.326666,17,160,0,1,19265749.735957,43,144,2,1,16158530.618889,34,132,0,1,16852614.062947,44,132,0,1,16776325.382310,42,152,0,1,19609582.568034,52,128,2,1,18346961.584111,19,100,0,1,20340479.434879,10,164,0,1,20480503.541867,35,172,0,1,18941732.182680,11,140,2,1,20738233.799864,71,132,0,12,21543822.061578,51,88,0,1,20456280.467604,53,168,0,1,19380696.440922,62,92,0,12,23193915.942358,67,144,0,12,19243476.790865,
3,1553681732,0.789000,66,140,0,12,22953740.236953,61,136,0,12,20668192.384428,84,124,0,12,20138507.934201,
22,1553681732,0.989000,24,152,0,1,18358479.289101,33,56,0,1,19567163.288874,13,136,0,1,18555365.157446,28,148,0,1,18764560.671138,15,156,0,1,17886850.352177,18,84,0,1,20885417.678839,20,148,0,1,20045942.322565,17,160,0,1,19265678.259865,43,144,2,1,16158575.640450,34,128,0,1,16852645.560590,44,128,0,1,16776248.391949,42,152,0,1,19609730.947235,52,128,2,1,18346955.808089,19,100,0,1,20340343.759436,10,164,0,1,20480464.994336,35,172,0,1,18941617.604550,11,140,2,1,20738248.370795,71,132,0,12,21543815.657348,51,88,0,1,20456416.666554,53,168,0,1,19380558.496951,62,92,0,12,23194037.849579,67,144,0,12,19243514.221582,
3,1553681732,0.989000,66,144,0,12,22953670.802536,61,136,0,12,20668140.714334,84,124,0,12,20138569.934825,
22,1553681733,0.189000,24,152,0,1,18358388.146614,33,56,0,1,19567334.580211,13,140,0,1,18555480.293983,28,152,0,1,18764651.604223,15,156,0,1,17886907.693593,18,88,0,1,20885409.564488,20,148,0,1,20045982.632568,17,160,0,1,19265606.923375,43,148,2,1,16158621.534523,34,128,0,1,16852682.310749,44,128,0,1,16776171.157286,42,152,0,1,19609879.518389,52,128,2,1,18346951.689838,19,100,0,1,20340208.363197,10,164,0,1,20480426.307203,35,172,0,1,18941502.904269,11,140,2,1,20738262.505472,71,132,0,12,21543805.065066,51,88,0,1,20456552.935304,53,168,0,1,19380420.657681,62,92,0,12,23194158.500385,67,144,0,12,19243552.036204,
3,1553681733,0.189000,66,144,0,12,22953601.263418,61,136,0,12,20668089.358343,84,124,0,12,20138627.276241,
22,1553681733,0.389000,24,152,0,1,18358296.794724,33,52,0,1,19567505.627245,13,140,0,1,18555595.273468,28,152,0,1,18764742.013801,15,156,0,1,17886965.017558,18,88,0,1,20885399.687665,20,144,0,1,20046022.611017,17,160,0,1,19265535.499633,43,148,2,1,16158666.625886,34,128,0,1,16852716.513176,44,128,0,1,16776095.161588,42,152,0,1,19610027.600937,52,128,2,1,18346948.915253,19,96,0,1,20340073.490464,10,164,0,1,20480387.497919,35,172,0,1,18941388.203988,11,140,2,1,20738276.326044,71,132,0,12,21543796.462108,51,88,0,1,20456688.523496,53,164,0,1,19380282.591558,62,88,0,12,23194279.203541,67,144,0,12,19243589.449471,
3,1553681733,0.389000,66,144,0,12,22953531.619599,61,136,0,12,20668037.496296,84,124,0,12,20138683.500842,
22,1553681733,0.589000,24,152,0,1,18358205.530085,33,52,0,1,19567677.267587,13,140,0,1,18555710.200602,28,152,0,1,18764832.650232,15,156,0,1,17887022.289173,18,88,0,1,20885389.147733,20,144,0,1,20046062.449864,17,156,0,1,19265463.901390,43,148,2,1,16158712.624660,34,124,0,1,16852747.103407,44,128,0,1,16776017.612820,42,152,0,1,19610177.341255,52,128,2,1,18346946.105768,19,96,0,1,20339937.326415,10,164,0,1,20480348.671184,35,172,0,1,18941273.381555,11,140,2,1,20738291.403032,71,132,0,12,21543788.661861,51,92,0,1,20456824.129138,53,164,0,1,19380144.525435,62,84,0,12,23194401.128212,67,144,0,12,19243626.792937,
3,1553681733,0.589000,66,144,0,12,22953462.220083,61,136,0,12,20667985.791301,84,124,0,12,20138739.690543,
22,1553681733,0.789000,24,152,0,1,18358114.073494,33,52,0,1,19567848.890478,13,140,0,1,18555827.378814,28,152,0,1,18764923.164511,15,160,0,1,17887079.613138,18,92,0,1,20885379.009157,20,144,0,1,20046102.463213,17,156,0,1,19265392.320597,43,148,2,1,16158758.466382,34,104,0,1,16852779.979618,44,128,0,1,16775938.947238,42,152,0,1,19610328.355440,52,132,2,1,18346943.313733,19,96,0,1,20339800.952963,10,164,0,1,20480309.896800,35,172,0,1,18941158.471871,11,140,2,1,20738305.171254,71,132,0,12,21543778.785038,51,92,0,1,20456959.612629,53,164,0,1,19380006.406962,62,84,0,12,23194523.000533,67,144,0,12,19243664.171303,
3,1553681733,0.789000,66,144,0,12,22953392.541364,61,136,0,12,20667933.999054,84,124,0,12,20138791.046534,
22,1553681733,0.989000,24,152,0,1,18358022.808855,33,56,0,1,19568020.705322,13,140,0,1,18555943.911368,28,152,0,1,18765013.800942,15,160,0,1,17887136.884752,18,92,0,1,20885369.882693,20,144,0,1,20046142.511463,17,156,0,1,19265320.739804,43,148,2,1,16158804.674558,34,104,0,1,16852811.634313,44,128,0,1,16775858.728587,42,152,0,1,19610479.003169,52,128,2,1,18346938.968629,19,92,0,1,20339665.905728,10,164,0,1,20480271.017715,35,172,0,1,18941043.492387,11,140,2,1,20738321.016052,71,132,0,12,21543770.862639,51,88,0,1,20457094.677314,53,164,0,1,19379868.166337,62,80,0,12,23194644.646001,67,144,0,12,19243701.514769,
3,1553681733,0.989000,66,144,0,12,22953322.740493,61,136,0,12,20667882.398760,84,124,0,12,20138846.189222,
22,1553681734,0.189000,24,152,0,1,18357931.456965,33,56,0,1,19568192.328214,13,140,0,1,18556058.472047,28,152,0,1,18765104.315222,15,160,0,1,17887194.261068,18,92,0,1,20885360.599177,20,144,0,1,20046182.402660,17,156,0,1,19265249.246262,43,148,2,1,16158849.521618,34,108,0,1,16852842.207094,44,128,0,1,16775779.138144,42,152,0,1,19610628.132730,52,132,2,1,18346934.867828,19,92,0,1,20339531.364549,10,164,0,1,20480232.190981,35,168,0,1,18940928.739755,11,140,2,1,20738332.707698,71,132,0,12,21543762.713387,51,92,0,1,20457229.445346,53,164,0,1,19379730.047864,62,76,0,12,23194765.296806,67,144,0,12,19243738.893136,
3,1553681734,0.189000,66,144,0,12,22953253.323527,61,136,0,12,20667830.815917,84,124,0,12,20138903.966893,
22,1553681734,0.389000,24,152,0,1,18357839.982924,33,56,0,1,19568364.212859,13,140,0,1,18556175.563008,28,156,0,1,18765194.881852,15,160,0,1,17887251.689735,18,92,0,1,20885350.512951,20,144,0,1,20046222.293858,17,160,0,1,19265177.735269,43,148,2,1,16158895.223738,34,108,0,1,16852872.378520,44,132,0,1,16775698.710091,42,152,0,1,19610777.419343,52,132,2,1,18346931.255633,19,92,0,1,20339396.579067,10,160,0,1,20480193.381696,35,168,0,1,18940813.830071,11,140,2,1,20738347.592733,71,132,0,12,21543752.627161,51,92,0,1,20457364.963736,53,164,0,1,19379592.068992,62,76,0,12,23194887.535581,67,144,0,12,19243776.603056,
3,1553681734,0.389000,66,144,0,12,22953183.976362,61,136,0,12,20667779.198173,84,124,0,12,20138966.857478,
22,1553681734,0.589000,24,156,0,1,18357748.613584,33,60,0,1,19568536.114953,13,140,0,1,18556291.257952,28,156,0,1,18765285.378681,15,160,0,1,17887309.031150,18,96,0,1,20885339.833418,20,144,0,1,20046262.289757,17,160,0,1,19265106.276628,43,148,2,1,16158941.292313,34,108,0,1,16852899.339107,44,132,0,1,16775622.487540,42,152,0,1,19610927.700618,52,132,2,1,18346928.760252,19,88,0,1,20339261.968088,10,160,0,1,20480154.729464,35,168,0,1,18940699.042539,11,140,2,1,20738361.587808,71,132,0,12,21543744.774564,51,88,0,1,20457500.935833,53,164,0,1,19379453.950518,62,72,0,12,23195008.709893,67,144,0,12,19243814.103574,
3,1553681734,0.589000,66,144,0,12,22953114.768798,61,136,0,12,20667727.737481,84,124,0,12,20139023.657937,
22,1553681734,0.789000,24,156,0,1,18357657.226794,33,60,0,1,19568708.174100,13,140,0,1,18556407.109948,28,152,0,1,18765375.997662,15,160,0,1,17887366.390016,18,96,0,1,20885330.898906,20,144,0,1,20046302.338007,17,160,0,1,19265034.817986,43,152,2,1,16158986.802481,34,104,0,1,16852928.515871,44,132,0,1,16775545.130724,42,152,0,1,19611077.057032,52,132,2,1,18346923.385584,19,88,0,1,20339127.426909,10,164,0,1,20480116.007431,35,168,0,1,18940584.289907,11,140,2,1,20738375.356030,71,132,0,12,21543736.363559,51,88,0,1,20457636.227371,53,164,0,1,19379315.814595,62,72,0,12,23195130.320461,67,144,0,12,19243851.621542,
3,1553681734,0.789000,66,144,0,12,22953045.386732,61,136,0,12,20667676.503641,84,124,0,12,20139083.477283,
22,1553681734,0.989000,24,156,0,1,18357566.014506,33,64,0,1,19568880.931256,13,140,0,1,18556522.525688,28,152,0,1,18765466.459591,15,160,0,1,17887423.696531,18,96,0,1,20885321.214035,20,144,0,1,20046342.438607,17,160,0,1,19264963.202292,43,152,2,1,16159032.382449,34,104,0,1,16852957.291280,44,128,0,1,16775466.168489,42,152,0,1,19611227.059104,52,132,2,1,18346920.000242,19,84,0,1,20338991.908518,10,164,0,1,20480077.233047,35,168,0,1,18940469.607076,11,140,2,1,20738389.124252,71,132,0,12,21543728.528411,51,88,0,1,20457772.600823,53,164,0,1,19379177.748472,62,68,0,12,23195251.896128,67,140,0,12,19243889.034809,
3,1553681734,0.989000,66,144,0,12,22952975.934866,61,140,0,12,20667625.042949,84,124,0,12,20139139.841486,
22,1553681735,0.189000,24,156,0,1,18357474.662616,33,64,0,1,19569053.845464,13,140,0,1,18556638.255532,28,152,0,1,18765557.113472,15,160,0,1,17887481.107748,18,96,0,1,20885311.424463,20,144,0,1,20046382.591558,17,160,0,1,19264891.848352,43,152,2,1,16159078.381223,34,100,0,1,16852989.452031,44,128,0,1,16775388.689522,42,152,0,1,19611377.008825,52,132,2,1,18346915.236333,19,84,0,1,20338857.384789,10,164,0,1,20480038.458663,35,168,0,1,18940354.697392,11,140,2,1,20738402.438768,71,132,0,12,21543720.274458,53,164,0,1,19379039.717250,62,68,0,12,23195373.506695,67,140,0,12,19243926.605128,66,144,0,12,22952906.395748,
2,1553681735,0.189000,61,140,0,12,20667573.669508,84,124,0,12,20139196.956049,
22,1553681735,0.389000,24,156,0,1,18357383.328176,33,64,0,1,19569226.061662,13,140,0,1,18556753.252467,28,152,0,1,18765647.784803,15,160,0,1,17887538.518964,18,96,0,1,20885301.826844,20,148,0,1,20046422.674708,17,160,0,1,19264820.407161,43,152,2,1,16159124.397448,34,100,0,1,16853020.495969,44,128,0,1,16775309.360832,42,152,0,1,19611526.400139,52,132,2,1,18346911.327484,19,84,0,1,20338722.110701,10,164,0,1,20479999.719180,35,168,0,1,18940240.032011,11,140,2,1,20738416.294241,71,132,0,12,21543710.816440,53,164,0,1,19378901.598776,62,64,0,12,23195496.234077,67,140,0,12,19243964.140546,66,144,0,12,22952836.751929,
2,1553681735,0.389000,61,140,0,12,20667522.313517,84,124,0,12,20139253.023598,
22,1553681735,0.589000,24,156,0,1,18357291.976286,33,68,0,1,19569398.661766,13,140,0,1,18556869.087012,28,152,0,1,18765738.456134,15,160,0,1,17887595.895280,18,96,0,1,20885292.403726,20,148,0,1,20046462.722958,17,160,0,1,19264749.140471,43,152,2,1,16159170.239170,34,96,0,1,16853057.089075,44,124,0,1,16775233.103381,42,152,0,1,19611675.756552,52,132,2,1,18346908.989155,19,84,0,1,20338587.272869,10,164,0,1,20479961.101848,35,168,0,1,18940125.227029,11,140,2,1,20738429.207402,71,132,0,12,21543702.649738,53,164,0,1,19378763.724606,62,64,0,12,23195617.722492,67,140,0,12,19244001.763216,66,144,0,12,22952767.230262,
2,1553681735,0.589000,61,140,0,12,20667470.835375,84,124,0,12,20139310.173062,
22,1553681735,0.789000,24,156,0,1,18357200.711647,33,68,0,1,19569570.895415,13,140,0,1,18556985.026259,28,152,0,1,18765829.144916,15,160,0,1,17887653.254146,18,96,0,1,20885282.928258,20,148,0,1,20046503.032961,17,160,0,1,19264677.769081,43,152,2,1,16159216.203043,34,96,0,1,16853091.064649,44,124,0,1,16775155.868717,42,152,0,1,19611824.903563,52,136,2,1,18346905.534012,19,84,0,1,20338451.928980,10,160,0,1,20479922.554317,35,168,0,1,18940010.404596,11,140,2,1,20738443.027974,71,132,0,12,21543694.134032,53,164,0,1,19378625.780635,67,140,0,12,19244039.106682,66,144,0,12,22952697.883096,61,140,0,12,20667419.287432,
1,1553681735,0.789000,84,124,0,12,20139368.858144,
22,1553681735,0.989000,24,156,0,1,18357109.447009,33,68,0,1,19569742.849861,13,140,0,1,18557101.087657,28,152,0,1,18765919.955849,15,156,0,1,17887710.700262,18,96,0,1,20885272.859482,20,148,0,1,20046543.308064,17,160,0,1,19264606.572193,43,152,2,1,16159262.114566,34,92,0,1,16853126.279189,44,124,0,1,16775075.842019,42,152,0,1,19611974.085475,52,136,2,1,18346901.503011,19,84,0,1,20338316.567641,10,160,0,1,20479883.989336,35,168,0,1,18939895.617064,11,140,2,1,20738456.621694,71,132,0,12,21543685.932429,53,164,0,1,19378487.819213,67,140,0,12,19244076.711901,66,144,0,12,22952628.256727,61,140,0,12,20667368.036142,
1,1553681735,0.989000,84,124,0,12,20139428.345936,
22,1553681736,0.189000,24,156,0,1,18357018.234720,33,68,0,1,19569915.100960,13,140,0,1,18557216.712800,28,152,0,1,18766010.627181,15,156,0,1,17887768.268531,18,96,0,1,20885263.680668,20,148,0,1,20046583.478465,17,160,0,1,19264535.270603,43,152,0,1,16159308.060989,34,92,0,1,16853160.429265,44,124,0,1,16774997.856996,42,152,0,1,19612123.773442,52,136,2,1,18346898.815678,19,84,0,1,20338182.026462,10,160,0,1,20479845.441805,35,168,0,1,18939780.969133,11,140,2,1,20738469.761708,71,132,0,12,21543677.713377,53,164,0,1,19378349.875242,67,140,0,12,19244114.404371,66,144,0,12,22952558.839761,61,140,0,12,20667316.715052,
1,1553681736,0.189000,84,124,0,12,20139487.990780,
22,1553681736,0.389000,24,156,0,1,18356927.144584,33,68,0,1,19570087.317159,13,140,0,1,18557332.250691,28,152,0,1,18766101.438114,15,156,0,1,17887825.714647,18,96,0,1,20885252.931333,20,148,0,1,20046623.683767,17,160,0,1,19264463.916662,43,152,0,1,16159353.972512,34,88,0,1,16853193.270574,44,120,0,1,16774918.092050,42,152,0,1,19612273.356709,52,136,2,1,18346895.884041,19,80,0,1,20338047.049028,10,160,0,1,20479806.737222,35,168,0,1,18939666.233952,11,140,2,1,20738483.233276,71,132,0,12,21543669.110419,53,164,0,1,19378212.035972,67,140,0,12,19244152.096841,66,144,0,12,22952489.719449,61,140,0,12,20667265.167109,
1,1553681736,0.389000,84,124,0,12,20139544.721438,
22,1553681736,0.589000,24,156,0,1,18356836.019547,33,68,0,1,19570260.336068,13,140,0,1,18557447.875834,28,152,0,1,18766192.144345,15,156,0,1,17887883.125864,18,96,0,1,20885242.600805,20,148,0,1,20046663.801817,17,160,0,1,19264392.597623,43,152,0,1,16159399.918935,34,84,0,1,16853225.099772,44,120,0,1,16774840.665434,42,152,0,1,19612423.062127,52,136,2,1,18346891.870491,19,84,0,1,20337912.333347,10,160,0,1,20479768.102440,35,168,0,1,18939551.516220,11,140,2,1,20738496.984048,71,128,0,12,21543660.751765,53,164,0,1,19378074.057101,67,140,0,12,19244189.928913,66,144,0,12,22952420.215232,61,140,0,12,20667213.828568,
1,1553681736,0.589000,84,124,0,12,20139604.069629,
22,1553681736,0.789000,24,156,0,1,18356744.842159,33,68,0,1,19570432.674418,13,140,0,1,18557563.413726,28,152,0,1,18766282.920378,15,156,0,1,17887940.537080,18,96,0,1,20885232.985735,20,148,0,1,20046704.129270,17,164,0,1,19264321.383284,43,152,0,1,16159445.882809,34,84,0,1,16853259.476701,44,120,0,1,16774761.738099,42,152,0,1,19612572.697744,52,136,2,1,18346889.095907,19,80,0,1,20337777.443164,10,160,0,1,20479729.589809,35,168,0,1,18939436.798489,11,140,2,1,20738510.036810,71,132,0,12,21543652.166258,53,164,0,1,19377936.252731,67,140,0,12,19244227.516682,66,144,0,12,22952350.711014,61,140,0,12,20667162.437677,
1,1553681736,0.789000,84,124,0,12,20139669.403244,
22,1553681736,0.989000,24,156,0,1,18356653.629871,33,72,0,1,19570603.110695,13,140,0,1,18557679.126119,28,152,0,1,18766373.661510,15,156,0,1,17887998.035548,20,148,0,1,20046744.194970,17,164,0,1,19264250.081694,43,148,0,1,16159491.794332,34,84,0,1,16853292.789166,44,116,0,1,16774684.939691,42,152,0,1,19612722.385712,52,136,2,1,18346885.780365,19,80,0,1,20337641.942223,10,160,0,1,20479690.989928,35,168,0,1,18939322.098208,11,140,2,1,20738524.503041,71,132,0,12,21543643.772703,53,164,0,1,19377798.378561,67,140,0,12,19244264.999750,66,144,0,12,22952281.328949,61,140,0,12,20667111.273639,84,124,0,12,20139724.912387,
22,1553681737,0.189000,24,156,0,1,18356562.469934,33,68,0,1,19570774.890638,13,140,0,1,18557794.751262,28,152,0,1,18766464.193240,15,156,0,1,17888055.568916,20,148,0,1,20046784.557324,17,164,0,1,19264178.815005,43,148,0,1,16159537.845456,34,80,0,1,16853323.606251,44,116,0,1,16774607.338573,42,152,0,1,19612872.038779,52,136,2,1,18346882.482274,19,80,0,1,20337506.598335,10,160,0,1,20479652.337695,35,168,0,1,18939207.363026,11,140,2,1,20738538.358514,71,132,0,12,21543635.274447,53,164,0,1,19377660.382239,67,136,0,12,19244302.430467,66,144,0,12,22952211.842182,61,140,0,12,20667059.690795,84,124,0,12,20139779.130213,
22,1553681737,0.389000,24,156,0,1,18356471.222745,33,68,0,1,19570947.647794,13,140,0,1,18557910.324054,28,152,0,1,18766554.864571,15,156,0,1,17888113.102283,20,148,0,1,20046824.675375,17,164,0,1,19264107.600666,43,148,0,1,16159583.756979,34,84,0,1,16853358.855691,44,116,0,1,16774526.299762,42,152,0,1,19613021.726747,52,136,2,1,18346879.131832,19,80,0,1,20337371.428948,10,164,0,1,20479613.755264,35,172,0,1,18939092.662745,11,140,2,1,20738551.882433,71,132,0,12,21543626.811092,53,164,0,1,19377522.403367,67,140,0,12,19244340.192738,66,144,0,12,22952142.285614,61,140,0,12,20667008.107951,84,124,0,12,20139840.450278,
22,1553681737,0.589000,24,160,0,1,18356380.132608,33,68,0,1,19571119.375387,13,136,0,1,18558026.036448,28,152,0,1,18766645.623154,15,156,0,1,17888170.635651,20,148,0,1,20046864.880676,17,164,0,1,19264036.229276,43,148,0,1,16159629.790654,34,88,0,1,16853391.574849,44,112,0,1,16774448.314739,42,152,0,1,19613171.292563,52,136,2,1,18346875.484737,19,80,0,1,20337236.556215,10,164,0,1,20479575.172833,35,172,0,1,18938977.857762,11,140,2,1,20738565.441252,71,132,0,12,21543618.487338,53,164,0,1,19377384.407045,67,140,0,12,19244378.007360,66,144,0,12,22952072.606894,61,140,0,12,20666956.629809,84,124,0,12,20139898.507153,
22,1553681737,0.789000,24,160,0,1,18356289.077372,33,68,0,1,19571291.207681,13,140,0,1,18558141.713942,28,152,0,1,18766736.468987,15,156,0,1,17888228.099218,20,148,0,1,20046905.068528,17,164,0,1,19263964.945136,43,148,0,1,16159675.806878,34,88,0,1,16853425.934328,44,112,0,1,16774370.190114,42,152,0,1,19613320.945631,52,136,2,1,18346872.134295,19,80,0,1,20337101.770733,10,164,0,1,20479536.607851,35,172,0,1,18938863.140031,11,140,2,1,20738579.087322,71,132,0,12,21543610.076333,53,164,0,1,19377246.480524,67,140,0,12,19244415.612579,66,144,0,12,22952003.416781,61,140,0,12,20666905.308719,84,124,0,12,20139955.255261,
22,1553681737,0.989000,24,160,0,1,18356198.022136,33,68,0,1,19571462.900373,13,140,0,1,18558257.356535,28,152,0,1,18766827.192669,15,156,0,1,17888285.632586,20,148,0,1,20046945.291280,17,164,0,1,19263893.818049,43,148,0,1,16159721.805652,34,92,0,1,16853459.752850,44,112,0,1,16774292.780948,42,152,0,1,19613470.633598,52,136,2,1,18346868.766403,19,80,0,1,20336967.212104,10,164,0,1,20479497.990520,35,172,0,1,18938748.457200,11,140,2,1,20738592.872994,71,132,0,12,21543601.560627,53,164,0,1,19377108.536553,67,140,0,12,19244453.636604,66,140,0,12,22951933.842763,61,140,0,12,20666854.005078,84,124,0,12,20140010.502650,
22,1553681738,0.189000,24,160,0,1,18356106.931999,33,68,0,1,19571634.854819,13,140,0,1,18558373.034028,28,152,0,1,18766917.986152,15,156,0,1,17888343.113603,20,148,0,1,20046985.548932,17,164,0,1,19263822.429208,43,148,0,1,16159767.944028,34,92,0,1,16853492.000852,44,112,3,1,16774212.719349,42,152,0,1,19613620.496068,52,136,1,1,18346865.311260,19,80,0,1,20336831.257458,10,164,0,1,20479459.565140,35,172,0,1,18938633.931421,11,140,2,1,20738606.519064,71,132,0,12,21543593.306674,53,164,0,1,19376970.487880,67,140,0,12,19244491.625728,66,140,0,12,22951864.338546,61,140,0,12,20666802.334984,84,124,0,12,20140074.335547,
22,1553681738,0.389000,24,160,0,1,18356015.859313,33,68,0,1,19571807.751576,13,140,0,1,18558488.798772,28,152,0,1,18767008.762185,15,156,0,1,17888400.472469,20,148,0,1,20047025.858935,17,164,0,1,19263751.249770,43,148,0,1,16159813.768299,34,92,0,1,16853526.150928,44,108,2,1,16774133.983966,42,152,0,1,19613770.323638,52,136,0,1,18346861.646714,19,76,0,1,20336697.414288,10,164,0,1,20479421.069960,35,172,0,1,18938519.161339,11,140,2,1,20738620.182585,71,132,0,12,21543584.808417,53,164,0,1,19376832.491559,67,140,0,12,19244529.579952,66,140,0,12,22951795.043731,61,140,0,12,20666750.926642,84,128,0,12,20140126.721100,
22,1553681738,0.589000,24,160,0,1,18355924.734276,33,68,0,1,19571979.793273,13,140,0,1,18558604.284313,28,152,0,1,18767099.538218,15,156,0,1,17888458.005837,18,100,0,1,20885144.530581,20,148,0,1,20047066.011886,17,164,0,1,19263679.983081,43,148,0,1,16159859.610021,34,96,0,1,16853560.143952,44,108,2,1,16774055.667389,42,152,0,1,19613919.994155,52,136,0,1,18346858.261372,19,76,0,1,20336563.675819,10,164,0,1,20479382.470078,35,168,0,1,18938404.356356,11,140,2,1,20738633.968257,71,132,0,12,21543576.432313,53,164,0,1,19376694.599938,67,140,0,12,19244567.272422,66,140,0,12,22951725.574414,61,140,0,12,20666699.588102,
1,1553681738,0.589000,84,128,0,12,20140188.494871,
22,1553681738,0.789000,24,160,0,1,18355833.679040,33,68,0,1,19572152.323576,13,140,0,1,18558719.909456,28,152,0,1,18767190.226999,15,156,0,1,17888515.504304,18,100,0,1,20885134.287303,20,148,0,1,20047106.147387,17,164,0,1,19263608.733842,43,148,0,1,16159905.469194,34,100,0,1,16853593.020162,44,108,2,1,16773980.212648,42,152,0,1,19614069.629772,52,136,0,1,18346854.963281,19,76,0,1,20336427.494320,10,164,0,1,20479343.887647,35,168,0,1,18938289.603724,11,140,2,1,20738647.788829,71,128,0,12,21543568.126009,53,164,0,1,19376556.638517,67,140,0,12,19244605.052143,66,140,0,12,22951656.331950,61,140,0,12,20666648.040158,
1,1553681738,0.789000,84,128,0,12,20140242.014689,
22,1553681738,0.989000,24,160,0,1,18355742.693605,33,68,0,1,19572323.632363,13,140,0,1,18558835.552049,28,152,0,1,18767280.985582,15,156,0,1,17888573.020222,18,104,0,1,20885125.091038,20,148,0,1,20047146.457390,17,164,0,1,19263537.519503,43,148,0,1,16159951.502868,34,104,0,1,16853626.507130,44,108,0,1,16773903.012884,42,152,0,1,19614219.404991,52,136,0,1,18346851.438337,19,76,0,1,20336292.656487,10,164,0,1,20479305.305215,35,168,0,1,18938175.025595,11,140,2,1,20738661.417449,71,128,0,12,21543559.662654,53,156,0,1,19376418.677095,67,140,0,12,19244642.796964,66,140,0,12,22951587.037135,61,140,0,12,20666596.684168,
1,1553681738,0.989000,84,128,0,12,20140299.373555,
22,1553681739,0.189000,24,160,0,1,18355651.812871,33,68,0,1,19572495.604259,13,136,0,1,18558951.124841,28,160,0,1,18767371.639463,15,152,0,1,17888630.536140,18,104,0,1,20885115.510869,20,148,0,1,20047186.697592,17,164,0,1,19263466.322615,43,148,0,1,16159997.396941,34,124,0,1,16853659.889397,44,104,0,1,16773823.021086,42,152,0,1,19614369.127859,52,132,0,1,18346848.070445,19,80,0,1,20336157.068296,10,160,0,1,20479266.757684,35,168,0,1,18938060.482365,11,136,2,1,20738674.958818,71,128,0,12,21543551.216748,53,148,0,1,19376280.907626,67,148,0,12,19244680.820989,66,140,0,12,22951517.410767,61,140,0,12,20666545.310727,
1,1553681739,0.189000,84,104,0,12,20140357.866684,
22,1553681739,0.389000,24,160,0,1,18355560.618033,33,64,0,1,19572668.012410,13,140,0,1,18559066.784884,28,160,0,1,18767462.520197,15,152,0,1,17888688.017157,18,108,0,1,20885104.028626,20,156,0,1,20047226.937794,17,164,0,1,19263394.986125,43,144,0,1,16160043.343364,34,124,0,1,16853693.219313,44,48,0,1,16773747.618695,42,152,0,1,19614518.885628,52,136,0,1,18346844.737453,19,80,0,1,20336022.544567,10,160,0,1,20479228.227604,35,168,0,1,18937945.834435,11,136,2,1,20738688.587438,71,124,0,12,21543542.718492,53,164,0,1,19376142.998555,67,148,0,12,19244718.565810,66,140,0,12,22951447.836748,61,136,0,12,20666493.518480,
1,1553681739,0.389000,84,104,0,12,20140416.673918,
22,1553681739,0.589000,24,160,0,1,18355469.580247,33,64,0,1,19572840.246059,13,140,0,1,18559182.427477,28,160,0,1,18767553.174078,15,156,0,1,17888745.376023,18,112,3,1,20885093.471244,20,156,0,1,20047267.300147,17,164,0,1,19263323.701985,43,144,0,1,16160089.202536,34,124,0,1,16853726.078073,44,92,0,1,16773670.157179,42,152,0,1,19614668.538695,52,136,0,1,18346841.421912,19,80,0,1,20335887.636934,10,156,0,1,20479189.627722,35,168,0,1,18937831.256305,11,136,2,1,20738702.233509,71,124,0,12,21543533.714180,53,164,0,1,19376005.019684,67,148,0,12,19244756.118678,66,144,0,12,22951378.349981,61,136,0,12,20666442.092689,
1,1553681739,0.589000,84,104,0,12,20140473.020671,
22,1553681739,0.789000,24,160,0,1,18355378.664612,33,64,0,1,19573012.584410,13,140,0,1,18559298.035170,28,156,0,1,18767644.019912,15,156,0,1,17888802.787239,18,112,2,1,20885082.948762,20,156,0,1,20047307.505449,17,164,0,1,19263252.470196,43,136,0,1,16160135.114059,34,136,3,1,16853760.332850,44,100,0,1,16773595.051442,42,152,0,1,19614818.209213,52,136,0,1,18346838.019119,19,76,0,1,20335753.148105,10,156,0,1,20479151.132542,35,164,0,1,18937716.556024,11,148,2,1,20738715.879579,71,124,0,12,21543525.983733,53,160,0,1,19375866.971011,67,148,0,12,19244793.741348,66,144,0,12,22951308.828314,61,136,0,12,20666390.631997,
22,1553681739,0.989000,24,156,0,1,18355287.609376,33,64,0,1,19573184.940210,13,140,0,1,18559413.660313,28,152,0,1,18767734.900646,15,156,0,1,17888860.215906,18,112,2,1,20885071.344368,20,152,0,1,20047347.675850,17,168,0,1,19263181.238408,43,132,0,1,16160181.043032,34,136,2,1,16853792.144597,44,124,0,1,16773517.555025,42,148,0,1,19614967.827380,52,132,0,1,18346834.616327,19,76,0,1,20335618.223022,10,164,0,1,20479112.532660,35,160,0,1,18937601.890643,11,148,2,1,20738729.769952,71,120,0,12,21543517.590179,53,156,0,1,19375728.887438,67,148,0,12,19244831.521069,66,144,0,12,22951239.254296,61,136,0,12,20666339.136404,
22,1553681740,0.189000,24,156,0,1,18355196.658841,33,64,0,1,19573357.592665,13,140,0,1,18559529.128403,28,148,0,1,18767825.746479,15,156,0,1,17888917.696923,18,112,2,1,20885061.223241,20,152,0,1,20047387.881152,17,168,0,1,19263109.971718,43,132,0,1,16160226.937105,34,136,3,1,16853823.764392,44,128,0,1,16773444.403712,42,140,0,1,19615117.340846,52,132,0,1,18346831.353136,19,76,0,1,20335483.332839,10,164,0,1,20479073.950228,35,164,0,1,18937487.225262,11,148,2,1,20738743.450923,71,124,0,12,21543508.673117,53,156,0,1,19375590.960917,62,72,0,12,23198374.752194,67,148,0,12,19244869.108838,66,144,0,12,22951169.924581,
1,1553681740,0.189000,61,140,0,12,20666287.832764,
22,1553681740,0.389000,24,160,0,1,18355105.813008,33,64,0,1,19573530.105517,13,140,0,1,18559644.753546,28,148,0,1,18767916.592313,15,156,0,1,17888975.003438,18,112,2,1,20885052.742436,20,152,0,1,20047428.313307,17,168,0,1,19263038.617778,43,132,0,1,16160272.743926,34,136,2,1,16853857.356061,44,128,3,1,16773368.722118,42,144,0,1,19615266.784510,52,132,0,1,18346827.915443,19,76,0,1,20335348.774210,10,160,0,1,20479035.350347,35,164,0,1,18937372.664583,11,148,2,1,20738757.236595,71,124,0,12,21543499.162749,53,156,0,1,19375452.859894,62,76,0,12,23198499.224597,67,144,0,12,19244906.783858,66,148,0,12,22951100.333112,
1,1553681740,0.389000,61,140,0,12,20666236.598925,
22,1553681740,0.589000,24,160,0,1,18355014.897373,33,60,0,1,19573702.269366,13,144,0,1,18559760.273988,28,148,0,1,18768007.228744,15,156,0,1,17889032.432105,18,112,2,1,20885045.395894,20,152,0,1,20047468.762911,17,168,0,1,19262967.176587,43,128,0,1,16160318.603099,34,136,2,1,16853892.745102,44,128,2,1,16773289.428328,42,144,0,1,19615416.350326,52,132,0,1,18346824.512651,19,76,0,1,20335213.622273,10,160,0,1,20478996.837716,35,164,0,1,18937257.981752,11,148,2,1,20738770.917566,71,120,0,12,21543493.299476,53,156,0,1,19375314.881022,67,144,0,12,19244944.615930,66,148,0,12,22951030.985947,61,140,0,12,20666185.260384,
22,1553681740,0.789000,24,160,0,1,18354923.981739,33,60,0,1,19573874.468114,13,144,0,1,18559875.864230,28,148,0,1,18768097.847724,15,152,0,1,17889089.948022,18,112,2,1,20885032.779386,20,152,0,1,20047509.055464,17,164,0,1,19262895.892447,43,128,0,1,16160364.409920,34,140,2,1,16853924.190395,44,124,2,1,16773212.978924,42,144,0,1,19615566.160446,52,132,0,1,18346821.127309,19,76,0,1,20335079.185796,10,160,0,1,20478958.325086,35,168,0,1,18937143.368722,11,144,2,1,20738784.738138,71,120,0,12,21543488.622817,53,156,0,1,19375176.849800,67,144,0,12,19244982.762106,66,148,0,12,22950961.534081,61,140,0,12,20666133.904393,
22,1553681740,0.989000,24,160,0,1,18354832.874152,33,60,0,1,19574046.509811,13,144,0,1,18559991.367221,28,148,0,1,18768188.658658,15,152,0,1,17889147.341788,18,112,2,1,20885022.728061,20,152,0,1,20047549.260766,17,164,0,1,19262824.643208,43,128,0,1,16160410.199292,34,140,2,1,16853955.251782,44,124,2,1,16773135.831512,42,144,0,1,19615715.604111,52,132,0,1,18346817.916468,19,72,0,1,20334943.510353,10,160,0,1,20478919.707754,35,164,0,1,18937028.703341,11,148,2,1,20738798.401659,71,120,0,12,21543482.550142,53,156,0,1,19375038.975629,67,144,0,12,19245020.524377,66,148,0,12,22950892.169465,61,140,0,12,20666082.443701,
22,1553681741,0.189000,24,160,0,1,18354741.888717,33,56,0,1,19574218.673659,13,144,0,1,18560107.009814,28,148,0,1,18768279.504491,15,152,0,1,17889204.595953,18,112,2,1,20885014.439208,20,152,0,1,20047589.570769,17,164,0,1,19262753.446320,43,128,0,1,16160456.110814,34,140,2,1,16853989.960265,44,124,2,1,16773056.555173,42,144,0,1,19615865.239728,52,132,0,1,18346814.548576,19,72,0,1,20334809.597382,10,160,0,1,20478881.334725,35,164,0,1,18936914.247363,11,144,2,1,20738812.134980,71,120,0,12,21543472.446465,53,156,0,1,19374901.101459,67,144,0,12,19245058.356449,66,148,0,12,22950822.752499,61,140,0,12,20666031.105160,
22,1553681741,0.389000,24,160,0,1,18354651.112684,33,56,0,1,19574390.872408,13,144,0,1,18560222.530255,28,148,0,1,18768370.455026,15,152,0,1,17889261.989719,18,112,2,1,20885003.602622,20,152,0,1,20047629.898222,17,164,0,1,19262682.092379,43,132,0,1,16160501.969987,34,140,2,1,16854025.244606,44,124,2,1,16772977.697639,42,144,0,1,19616015.049847,52,132,0,1,18346811.250485,19,68,0,1,20334674.846801,10,160,0,1,20478842.822095,35,164,0,1,18936799.721584,11,148,2,1,20738825.938102,71,120,0,12,21543464.314664,53,156,0,1,19374763.244739,67,140,0,12,19245096.258322,66,148,0,12,22950753.405334,61,140,0,12,20665979.888771,
22,1553681741,0.589000,24,160,0,1,18354559.970197,33,56,0,1,19574563.961117,13,144,0,1,18560338.120498,28,148,0,1,18768461.405561,15,152,0,1,17889319.418386,18,112,2,1,20884996.116479,20,152,0,1,20047670.155874,17,164,0,1,19262610.755889,43,132,0,1,16160547.881509,34,140,2,1,16854058.312768,44,124,2,1,16772901.248235,42,148,0,1,19616164.737815,52,132,0,1,18346808.004745,19,68,0,1,20334540.113670,10,160,0,1,20478804.396715,35,164,0,1,18936685.248156,11,148,2,1,20738839.758675,71,124,0,12,21543454.507642,53,156,0,1,19374625.353118,67,140,0,12,19245133.933343,66,148,0,12,22950683.883666,61,140,0,12,20665928.567681,
22,1553681741,0.789000,24,160,0,1,18354469.194164,33,52,0,1,19574736.090065,13,144,0,1,18560453.693290,28,148,0,1,18768552.164143,15,152,0,1,17889376.847052,18,112,2,1,20884985.192643,20,152,0,1,20047710.500778,17,164,0,1,19262539.471750,43,132,0,1,16160593.845383,34,140,2,1,16854090.141965,44,128,2,1,16772824.938432,42,148,0,1,19616314.373432,52,132,0,1,18346804.671753,19,68,0,1,20334404.647629,10,160,0,1,20478765.779383,35,164,0,1,18936570.635125,11,148,2,1,20738853.369844,71,120,0,12,21543441.123325,53,156,0,1,19374487.461498,62,100,0,12,23199362.486869,67,140,0,12,19245171.556012,66,148,0,12,22950614.361999,
1,1553681741,0.789000,61,140,0,12,20665877.106989,
22,1553681741,0.989000,24,160,0,1,18354378.383231,33,52,0,1,19574908.794870,13,144,0,1,18560569.266082,28,148,0,1,18768642.940176,15,152,0,1,17889434.240818,18,112,2,1,20884976.223231,20,152,0,1,20047750.950382,17,164,0,1,19262468.100359,43,128,0,1,16160639.722005,34,140,2,1,16854122.477219,44,128,2,1,16772746.848708,42,148,0,1,19616463.991599,52,132,0,1,18346801.391112,19,64,0,1,20334270.211152,10,160,0,1,20478727.301653,35,164,0,1,18936456.004645,11,148,2,1,20738867.242768,71,124,0,12,21543433.584831,53,156,0,1,19374349.534977,62,104,1,12,23199484.568592,67,140,0,12,19245209.265932,66,148,0,12,22950545.067184,
1,1553681741,0.989000,61,140,0,12,20665825.454344,
22,1553681742,0.189000,24,164,0,1,18354287.485047,33,52,0,1,19575081.011069,13,144,0,1,18560684.891225,28,148,0,1,18768733.820910,15,152,0,1,17889491.704385,18,108,2,1,20884966.765213,20,152,0,1,20047791.242935,17,164,0,1,19262396.781319,43,128,0,1,16160685.546277,34,140,2,1,16854155.684983,44,128,2,1,16772669.265040,42,148,0,1,19616613.766818,52,132,0,1,18346798.093021,19,64,0,1,20334135.495471,10,160,0,1,20478688.841373,35,164,0,1,18936341.461416,11,148,2,1,20738881.220392,71,124,0,12,21543428.105462,53,156,0,1,19374211.573555,62,104,0,12,23199607.435575,67,140,0,12,19245247.010753,66,148,0,12,22950475.632768,
1,1553681742,0.189000,61,140,0,12,20665774.168154,
22,1553681742,0.389000,24,164,0,1,18354196.569412,33,52,0,1,19575252.825913,13,144,0,1,18560800.533818,28,148,0,1,18768824.719094,15,152,0,1,17889549.115602,18,108,2,1,20884958.336758,20,152,0,1,20047831.640189,17,164,0,1,19262325.427379,43,128,0,1,16160731.405449,34,140,2,1,16854190.288765,44,128,2,1,16772590.704160,42,148,0,1,19616763.542036,52,132,0,1,18346794.829830,19,60,0,1,20333999.785127,10,160,0,1,20478650.346193,35,164,0,1,18936226.900736,11,144,2,1,20738895.023514,71,124,0,12,21543420.060912,53,156,0,1,19374073.629584,62,104,0,12,23199729.604550,67,140,0,12,19245284.825375,66,148,0,12,22950406.041299,
1,1553681742,0.389000,61,140,0,12,20665722.759813,
22,1553681742,0.589000,24,164,0,1,18354105.671228,33,52,0,1,19575424.431354,13,144,0,1,18560915.949558,28,148,0,1,18768915.547477,15,152,0,1,17889606.526818,18,108,2,1,20884951.496272,20,152,0,1,20047871.932742,17,164,0,1,19262254.055988,43,128,0,1,16160777.316972,34,140,2,1,16854223.845534,44,128,2,1,16772513.504396,42,148,0,1,19616913.142753,52,132,0,1,18346791.549189,19,60,0,1,20333865.627853,10,160,0,1,20478611.816112,35,168,0,1,18936112.409858,11,144,2,1,20738908.704485,71,124,0,12,21543415.558756,53,156,0,1,19373935.703063,62,104,0,12,23199851.982927,67,140,0,12,19245322.535296,66,148,0,12,22950336.589433,
1,1553681742,0.589000,61,140,0,12,20665671.142069,
22,1553681742,0.789000,24,164,0,1,18354014.773044,33,52,0,1,19575595.722692,13,144,0,1,18561031.557250,28,148,0,1,18769006.375861,15,152,0,1,17889664.095086,18,108,2,1,20884941.130843,20,152,0,1,20047912.260195,17,164,0,1,19262182.789299,43,128,0,1,16160823.141244,34,140,2,1,16854255.779432,44,128,2,1,16772435.798577,42,148,0,1,19617062.883072,52,132,0,1,18346788.251098,19,60,0,1,20333731.610181,10,160,0,1,20478573.286031,35,168,0,1,18935997.884079,11,148,2,1,20738922.682109,71,124,0,12,21543402.628144,53,156,0,1,19373797.619490,62,104,0,12,23199973.890148,67,140,0,12,19245360.367368,66,148,0,12,22950267.346969,
1,1553681742,0.789000,61,140,0,12,20665619.786078,
22,1553681742,0.989000,24,164,0,1,18353923.927210,33,48,0,1,19575767.729488,13,144,0,1,18561147.147493,28,148,0,1,18769097.308945,15,152,0,1,17889721.715705,18,108,2,1,20884933.487648,20,152,0,1,20047952.552748,17,164,0,1,19262111.400458,43,128,0,1,16160868.982966,34,140,2,1,16854289.353651,44,128,2,1,16772360.361286,42,148,0,1,19617212.571039,52,132,0,1,18346784.883206,19,56,0,1,20333597.330756,10,164,0,1,20478534.843202,35,168,0,1,18935883.410650,11,148,2,1,20738936.467781,71,124,0,12,21543397.916585,53,156,0,1,19373659.710419,62,104,0,12,23200095.221512,67,140,0,12,19245398.147089,66,148,0,12,22950197.877652,
1,1553681742,0.989000,61,140,0,12,20665568.255585,
22,1553681743,0.189000,24,164,0,1,18353832.941775,33,48,0,1,19575939.736284,13,144,0,1,18561262.772635,28,148,0,1,18769188.294381,15,152,0,1,17889779.318874,18,108,2,1,20884925.024292,20,152,0,1,20047992.880201,17,164,0,1,19262040.273371,43,128,0,1,16160914.754887,34,140,2,1,16854320.572091,44,128,2,1,16772282.201760,42,148,0,1,19617362.224107,52,132,0,1,18346781.585115,19,56,0,1,20333463.208382,10,164,0,1,20478496.452723,35,164,0,1,18935768.832521,11,144,2,1,20738950.236003,71,124,0,12,21543386.765896,53,160,0,1,19373521.836249,62,104,0,12,23200216.989131,67,140,0,12,19245435.717408,66,148,0,12,22950128.827140,
1,1553681743,0.189000,61,140,0,12,20665516.707642,
22,1553681743,0.389000,24,164,0,1,18353741.991240,33,48,0,1,19576112.126985,13,144,0,1,18561378.415228,28,148,0,1,18769279.140214,15,152,0,1,17889836.747541,18,108,2,1,20884918.532811,20,152,0,1,20048033.137853,17,168,0,1,19261969.093933,43,128,0,1,16160960.666410,34,144,2,1,16854349.940807,44,128,2,1,16772204.757694,42,148,0,1,19617511.824823,52,128,0,1,18346778.356825,19,56,0,1,20333329.330312,10,164,0,1,20478458.027343,35,164,0,1,18935654.149690,11,144,2,1,20738964.126376,71,124,0,12,21543377.726684,53,160,0,1,19373383.857377,62,104,0,12,23200340.292370,67,140,0,12,19245473.444779,66,148,0,12,22950059.305473,
1,1553681743,0.389000,61,140,0,12,20665465.142249,
22,1553681743,0.589000,24,164,0,1,18353650.970905,33,44,0,1,19576283.976729,13,144,0,1,18561494.057821,28,148,0,1,18769369.898797,15,152,0,1,17889894.263458,18,108,2,1,20884911.936629,20,152,0,1,20048073.378056,17,168,0,1,19261897.739992,43,128,0,1,16161006.612833,34,144,2,1,16854386.481563,44,124,2,1,16772130.262714,42,148,0,1,19617661.442990,52,128,0,1,18346775.041283,19,56,0,1,20333193.864271,10,164,0,1,20478419.497262,35,164,0,1,18935539.606461,11,144,2,1,20738977.964399,71,124,0,12,21543367.989462,53,160,0,1,19373246.122809,62,104,0,12,23200461.431781,67,140,0,12,19245511.015098,66,148,0,12,22949989.958307,
1,1553681743,0.589000,61,140,0,12,20665413.681556,
22,1553681743,0.789000,24,164,0,1,18353559.933119,13,144,0,1,18561609.840016,28,152,0,1,18769460.936583,15,152,0,1,17889951.779376,18,108,2,1,20884902.635663,20,152,0,1,20048113.618258,17,168,0,1,19261826.543104,43,128,0,1,16161052.489456,34,144,2,1,16854420.718890,44,124,2,1,16772053.132752,42,148,0,1,19617811.096058,52,128,0,1,18346771.760643,19,56,0,1,20333059.864049,10,164,0,1,20478380.967182,35,164,0,1,18935425.063231,11,144,2,1,20738991.837322,71,124,0,12,21543361.846985,53,160,0,1,19373108.161387,62,108,0,12,23200584.246414,67,140,0,12,19245548.864620,66,148,0,12,22949920.349389,61,140,0,12,20665362.552418,
22,1553681743,0.989000,24,164,0,1,18353469.139636,13,144,0,1,18561725.639661,28,152,0,1,18769551.730066,15,152,0,1,17890009.399995,18,108,2,1,20884893.456848,20,152,0,1,20048154.032962,17,168,0,1,19261755.416016,43,128,0,1,16161098.296277,34,144,2,1,16854452.740040,44,124,2,1,16771975.200080,42,148,0,1,19617960.714224,52,128,0,1,18346768.462551,19,56,0,1,20332926.369884,10,164,0,1,20478342.332400,35,164,0,1,18935310.589803,11,144,2,1,20739005.588094,71,124,0,12,21543351.411755,53,160,0,1,19372970.304667,62,108,0,12,23200704.618016,67,140,0,12,19245586.818844,66,148,0,12,22949851.106925,61,140,0,12,20665311.213878,
22,1553681744,0.189000,24,164,0,1,18353378.258902,13,144,0,1,18561841.421856,28,152,0,1,18769642.663150,15,152,0,1,17890066.985714,18,108,2,1,20884883.545124,20,152,0,1,20048194.325515,17,168,0,1,19261684.009725,43,128,0,1,16161144.225251,34,144,2,1,16854486.820315,44,124,2,1,16771897.232507,42,148,0,1,19618110.524344,52,128,0,1,18346765.181910,19,52,0,1,20332792.282411,10,164,0,1,20478303.889570,35,168,0,1,18935196.046574,11,144,2,1,20739019.495917,71,124,0,12,21543344.606170,53,160,0,1,19372832.430497,62,108,0,12,23200826.944042,67,140,0,12,19245624.581115,66,148,0,12,22949781.829560,61,140,0,12,20665259.735736,
22,1553681744,0.389000,24,164,0,1,18353287.343267,13,144,0,1,18561957.029548,28,152,0,1,18769733.578785,15,152,0,1,17890124.588882,18,108,2,1,20884875.814678,20,152,0,1,20048234.722769,17,168,0,1,19261612.743036,43,124,0,1,16161190.171674,34,144,2,1,16854520.499235,44,124,2,1,16771820.294497,42,148,0,1,19618260.229762,52,128,0,1,18346761.953620,19,52,0,1,20332658.194937,10,164,0,1,20478265.429290,35,168,0,1,18935081.555695,11,144,2,1,20739033.246689,71,124,0,12,21543337.765685,53,160,0,1,19372694.591227,62,104,0,12,23200947.978752,67,140,0,12,19245662.482988,66,148,0,12,22949712.691798,61,140,0,12,20665208.536797,
22,1553681744,0.589000,24,164,0,1,18353196.427633,13,144,0,1,18562072.707042,28,152,0,1,18769824.459519,15,152,0,1,17890182.157151,18,108,2,1,20884867.159370,20,152,0,1,20048274.788469,17,168,0,1,19261541.458897,43,124,0,1,16161236.030846,34,144,2,1,16854554.701662,44,128,2,1,16771743.705491,42,148,0,1,19618409.987530,52,128,0,1,18346758.777681,19,48,0,1,20332523.409456,10,164,0,1,20478226.934110,35,168,0,1,18934967.117167,11,144,2,1,20739047.084712,71,124,0,12,21543328.534520,53,160,0,1,19372556.786857,62,108,0,12,23201068.350354,67,140,0,12,19245700.332510,66,148,0,12,22949642.908377,61,140,0,12,20665157.058654,
22,1553681744,0.789000,24,164,0,1,18353105.511998,13,144,0,1,18562188.314734,28,152,0,1,18769915.584556,15,152,0,1,17890239.690518,18,108,2,1,20884855.746928,20,152,0,1,20048315.168273,17,168,0,1,19261470.349259,43,124,0,1,16161281.907468,34,144,2,1,16854587.263768,44,124,2,1,16771666.558078,42,148,0,1,19618559.640598,52,128,0,1,18346755.479589,19,44,0,1,20332390.124692,10,164,0,1,20478188.316778,35,168,0,1,18934852.573938,11,144,2,1,20739060.957635,71,124,0,12,21543320.210766,53,160,0,1,19372418.999938,62,108,0,12,23201189.350164,67,140,0,12,19245738.129682,66,148,0,12,22949573.648463,61,140,0,12,20665105.563062,
1,1553681744,0.789000,84,96,0,12,20141963.147115,
22,1553681744,0.989000,24,164,0,1,18353014.509113,13,144,0,1,18562303.939877,28,152,0,1,18770006.535091,15,152,0,1,17890297.188986,18,112,2,1,20884847.737278,20,152,0,1,20048355.460825,17,168,0,1,19261399.239622,43,124,0,1,16161327.801541,34,144,2,1,16854620.157429,44,124,2,1,16771590.614731,42,148,0,1,19618709.311115,52,128,0,1,18346752.181498,19,40,0,1,20332256.874830,10,164,0,1,20478149.961199,35,168,0,1,18934738.205211,11,144,2,1,20739074.638605,71,124,0,12,21543311.764861,53,160,0,1,19372281.178118,62,104,0,12,23201311.658740,67,140,0,12,19245775.944303,66,148,0,12,22949504.126795,61,140,0,12,20665054.067469,
1,1553681744,0.989000,84,96,0,12,20142021.064387,
22,1553681745,0.189000,24,164,0,1,18352923.558578,13,144,0,1,18562419.582470,28,152,0,1,18770097.380924,15,152,0,1,17890354.792155,18,112,2,1,20884836.813441,20,152,0,1,20048395.770828,17,168,0,1,19261327.990383,43,124,0,1,16161373.870116,34,144,2,1,16854654.185353,44,124,2,1,16771514.392180,42,148,0,1,19618858.999083,52,128,0,1,18346748.970658,10,164,0,1,20478111.483469,35,168,0,1,18934623.661982,11,144,2,1,20739088.528979,71,124,0,12,21543300.317518,53,160,0,1,19372143.216697,62,104,0,12,23201432.571299,67,140,0,12,19245813.741475,66,148,0,12,22949434.849431,61,140,0,12,20665002.885981,84,96,0,12,20142078.510504,
22,1553681745,0.389000,24,164,0,1,18352832.660394,13,144,0,1,18562535.312314,28,152,0,1,18770188.261658,15,152,0,1,17890412.395323,18,112,2,1,20884828.507138,20,152,0,1,20048436.045931,17,168,0,1,19261256.636443,43,124,0,1,16161419.781639,34,144,2,1,16854687.410568,44,128,2,1,16771437.017914,42,144,0,1,19619008.774302,52,128,0,1,18346745.759818,10,164,0,1,20478073.092990,35,168,0,1,18934509.136203,11,144,2,1,20739102.349551,71,124,0,12,21543293.756236,53,160,0,1,19372005.569379,62,104,0,12,23201553.518758,67,140,0,12,19245851.625898,66,148,0,12,22949365.432465,61,140,0,12,20664951.512540,84,96,0,12,20142136.776781,
22,1553681745,0.589000,24,164,0,1,18352741.832011,13,144,0,1,18562651.024708,28,152,0,1,18770279.142392,15,152,0,1,17890470.050843,18,112,2,1,20884818.316210,20,152,0,1,20048476.355934,17,168,0,1,19261185.317403,43,124,0,1,16161465.832763,34,144,2,1,16854721.996900,44,124,2,1,16771360.638311,42,148,0,1,19619158.514620,52,128,0,1,18346742.548978,10,164,0,1,20478034.650160,35,168,0,1,18934394.802376,11,144,2,1,20739116.030522,71,124,0,12,21543286.741248,53,160,0,1,19371867.538157,62,104,0,12,23201676.001836,67,140,0,12,19245889.300918,66,148,0,12,22949296.067849,61,140,0,12,20664900.173999,84,96,0,12,20142194.781305,
22,1553681745,0.789000,24,164,0,1,18352651.021077,13,144,0,1,18562766.545149,28,152,0,1,18770370.023126,15,152,0,1,17890527.566761,18,112,2,1,20884809.521301,20,152,0,1,20048516.788088,17,168,0,1,19261114.015813,43,124,0,1,16161511.883888,34,144,2,1,16854753.703945,44,128,2,1,16771283.735202,42,148,0,1,19619308.254939,52,124,0,1,18346739.495190,10,164,0,1,20477996.294582,35,168,0,1,18934280.381298,11,144,2,1,20739129.641692,71,124,0,12,21543280.686023,53,160,0,1,19371729.611636,62,104,0,12,23201796.774793,67,140,0,12,19245927.132990,66,152,0,12,22949226.650883,61,140,0,12,20664848.852909,84,96,0,12,20142251.983119,
22,1553681745,0.989000,24,164,0,1,18352560.053092,13,144,0,1,18562882.292443,28,152,0,1,18770460.991111,15,152,0,1,17890585.187380,18,112,2,1,20884800.464638,20,152,0,1,20048557.202793,17,168,0,1,19261042.801475,43,124,0,1,16161557.777961,34,144,2,1,16854787.156013,44,128,2,1,16771206.360936,42,148,0,1,19619457.890556,52,128,0,1,18346736.336701,10,164,0,1,20477957.834302,35,168,0,1,18934165.855519,11,144,2,1,20739143.584416,71,124,0,12,21543271.611909,53,160,0,1,19371591.824717,62,104,0,12,23201917.059144,67,140,0,12,19245964.930161,66,152,0,12,22949157.617822,61,140,0,12,20664797.462017,84,96,0,12,20142311.139357,
22,1553681746,0.189000,24,164,0,1,18352469.067657,13,144,0,1,18562997.917586,28,152,0,1,18770552.028897,15,152,0,1,17890642.842899,18,112,2,1,20884791.250923,20,148,0,1,20048597.530246,17,168,0,1,19260971.517335,43,124,0,1,16161603.672033,34,144,2,1,16854821.061786,44,128,2,1,16771130.906195,42,148,0,1,19619607.700675,52,124,0,1,18346733.178211,10,164,0,1,20477919.461273,35,168,0,1,18934051.416991,11,144,2,1,20739157.457339,71,124,0,12,21543262.764649,53,160,0,1,19371454.020347,62,104,0,12,23202038.076404,67,140,0,12,19246002.622632,66,152,0,12,22949088.183405,61,140,0,12,20664746.158377,84,96,0,12,20142370.033842,
22,1553681746,0.389000,24,164,0,1,18352378.169473,13,144,0,1,18563113.664880,28,152,0,1,18770642.996882,15,152,0,1,17890700.393717,18,112,2,1,20884782.124459,20,148,0,1,20048637.927500,17,168,0,1,19260900.268096,43,124,0,1,16161649.618457,34,144,2,1,16854854.409152,44,128,2,1,16771054.631293,42,148,0,1,19619757.493344,52,124,0,1,18346730.072072,10,164,0,1,20477880.948642,35,168,0,1,18933937.048264,11,144,2,1,20739171.347712,71,124,0,12,21543254.371094,53,160,0,1,19371316.093826,62,104,0,12,23202160.018526,67,140,0,12,19246040.664106,66,152,0,12,22949018.748989,61,140,0,12,20664694.767486,84,100,0,12,20142428.439721,
22,1553681746,0.589000,24,164,0,1,18352287.236388,13,144,0,1,18563229.324924,28,152,0,1,18770733.912517,15,152,0,1,17890758.031786,18,112,2,1,20884772.701341,20,152,0,1,20048678.272403,17,168,0,1,19260829.123558,43,124,0,1,16161695.425278,34,144,2,1,16854888.035721,44,128,2,1,16770977.606032,42,148,0,1,19619907.146412,52,124,0,1,18346726.896133,10,164,0,1,20477842.470912,35,168,0,1,18933822.627187,11,140,2,1,20739185.220635,71,124,0,12,21543245.907739,53,160,0,1,19371178.080054,62,104,0,12,23202279.657218,67,140,0,12,19246078.408927,66,152,0,12,22948949.349473,61,140,0,12,20664643.271893,84,100,0,12,20142486.496595,
22,1553681746,0.789000,24,164,0,1,18352196.303304,13,144,0,1,18563344.880265,28,152,0,1,18770824.653649,15,152,0,1,17890815.739656,18,112,2,1,20884763.382925,20,152,0,1,20048718.547506,17,168,0,1,19260757.979021,43,124,0,1,16161741.389152,34,144,2,1,16854921.766992,44,128,2,1,16770900.842524,42,144,0,1,19620056.816929,52,124,0,1,18346720.980509,10,164,0,1,20477804.028083,35,168,0,1,18933708.206109,11,140,2,1,20739199.076108,71,124,0,12,21543236.065816,53,160,0,1,19371040.136083,62,104,0,12,23202400.988582,67,140,0,12,19246116.363151,66,152,0,12,22948880.194260,61,140,0,12,20664592.125305,84,100,0,12,20142544.536019,
22,1553681746,0.989000,24,164,0,1,18352105.335318,13,144,0,1,18563460.435607,28,152,0,1,18770915.743785,15,152,0,1,17890873.395176,18,112,2,1,20884755.111522,20,152,0,1,20048758.770258,17,168,0,1,19260686.834483,43,124,0,1,16161787.300675,34,144,2,1,16854955.445912,44,128,2,1,16770823.555510,42,144,0,1,19620206.522347,52,124,0,1,18346715.326638,10,160,0,1,20477765.567803,35,168,0,1,18933593.819931,11,140,2,1,20739212.774529,71,124,0,12,21543228.108517,53,160,0,1,19370902.331713,62,104,0,12,23202522.354847,67,140,0,12,19246154.038171,66,152,0,12,22948810.724943,61,140,0,12,20664540.874016,84,100,0,12,20142602.051937,
22,1553681747,0.189000,24,164,0,1,18352014.472035,13,144,0,1,18563576.200352,28,152,0,1,18771006.711771,15,152,0,1,17890931.085596,18,112,2,1,20884747.922032,20,148,0,1,20048799.115161,17,168,0,1,19260615.567794,43,124,0,1,16161833.212198,34,144,2,1,16854988.531525,44,128,2,1,16770746.844352,42,144,0,1,19620356.297566,52,124,0,1,18346710.754681,10,160,0,1,20477727.194774,35,168,0,1,18933479.398854,11,140,2,1,20739226.647452,71,124,0,12,21543219.383408,53,160,0,1,19370764.492443,62,104,0,12,23202643.581509,67,140,0,12,19246192.027295,66,152,0,12,22948741.465029,61,140,0,12,20664489.518025,84,100,0,12,20142660.021560,
22,1553681747,0.389000,24,164,0,1,18351923.469149,13,144,0,1,18563691.912746,28,152,0,1,18771097.697206,15,152,0,1,17890988.810916,18,112,2,1,20884739.737880,20,148,0,1,20048839.774168,17,168,0,1,19260544.353455,43,124,0,1,16161879.176071,34,144,2,1,16855022.140645,44,128,2,1,16770669.836542,42,144,0,1,19620505.933183,52,124,0,1,18346706.252525,10,160,0,1,20477688.682143,35,168,0,1,18933365.065027,11,140,2,1,20739240.433124,71,124,0,12,21543210.675749,53,160,0,1,19370626.775325,62,104,0,12,23202763.290003,67,140,0,12,19246229.719765,66,152,0,12,22948672.030613,61,140,0,12,20664438.266735,84,100,0,12,20142718.008634,
22,1553681747,0.589000,24,164,0,1,18351832.501164,13,144,0,1,18563807.607689,28,152,0,1,18771188.717542,15,152,0,1,17891046.571137,18,112,2,1,20884731.169823,20,148,0,1,20048880.206323,17,168,0,1,19260473.174017,43,124,0,1,16161925.035243,34,144,2,1,16855055.592712,44,128,2,1,16770592.462276,42,148,0,1,19620655.656051,52,124,0,1,18346704.088698,10,160,0,1,20477650.204413,35,168,0,1,18933250.731201,11,140,2,1,20739254.236246,71,124,0,12,21543202.945303,53,160,0,1,19370488.831354,62,104,0,12,23202884.516666,67,140,0,12,19246267.796141,66,152,0,12,22948602.613646,61,140,0,12,20664386.997996,84,100,0,12,20142775.803755,
22,1553681747,0.789000,24,164,0,1,18351741.637880,13,144,0,1,18563923.267732,28,152,0,1,18771279.720427,15,152,0,1,17891104.261556,18,112,2,1,20884722.409814,20,148,0,1,20048920.760629,17,168,0,1,19260401.994579,43,124,0,1,16161970.964216,34,144,2,1,16855088.922628,44,128,2,1,16770515.663868,42,144,0,1,19620805.431270,52,124,0,1,18346701.977222,10,160,0,1,20477611.796484,35,168,0,1,18933136.379924,11,140,2,1,20739268.248771,71,124,0,12,21543194.988003,53,160,0,1,19370351.079335,62,104,0,12,23203005.673528,67,140,0,12,19246306.081918,66,152,0,12,22948533.685286,61,140,0,12,20664335.572204,84,100,0,12,20142833.808279,
22,1553681747,0.989000,24,164,0,1,18351650.757146,13,144,0,1,18564039.206979,28,152,0,1,18771370.828014,15,152,0,1,17891162.074128,18,116,2,1,20884713.108848,20,148,0,1,20048961.314935,17,168,0,1,19260330.937292,43,124,0,1,16162016.945540,34,144,2,1,16855122.409596,44,128,2,1,16770439.074862,42,144,0,1,19620955.223939,52,120,0,1,18346699.673793,10,160,0,1,20477573.440905,35,168,0,1,18933021.941396,11,140,2,1,20739282.208945,71,124,0,12,21543186.716600,53,160,0,1,19370213.362217,62,104,0,12,23203126.149831,67,140,0,12,19246343.774389,66,152,0,12,22948464.617325,61,140,0,12,20664284.268564,84,100,0,12,20142891.969854,
22,1553681748,0.189000,24,164,0,1,18351559.789161,13,144,0,1,18564155.163676,28,152,0,1,18771461.761099,15,152,0,1,17891219.799448,18,116,1,1,20884703.930033,20,148,0,1,20049001.869241,17,168,0,1,19260259.775304,43,124,0,1,16162062.961764,34,144,1,1,16855155.861663,44,128,0,1,16770362.259004,42,144,0,1,19621104.999158,52,120,0,1,18346698.626780,10,160,0,1,20477535.015526,35,168,0,1,18932907.677370,11,140,0,1,20739296.081869,71,124,0,12,21543178.584799,53,160,0,1,19370075.557847,62,104,0,12,23203245.945576,67,140,0,12,19246381.571560,66,152,0,12,22948395.200358,61,140,0,12,20664232.842772,84,100,0,12,20142949.433421,
22,1553681748,0.389000,24,164,0,1,18351468.925878,13,144,0,1,18564270.963321,28,152,0,1,18771552.798884,15,152,0,1,17891277.402617,18,116,0,1,20884694.786119,20,148,0,1,20049042.353746,17,168,0,1,19260188.700567,43,124,0,1,16162109.030339,34,140,0,1,16855189.191579,44,128,0,1,16770285.460595,42,144,0,1,19621254.756927,52,120,0,1,18346693.967572,10,160,0,1,20477496.712298,35,168,0,1,18932793.326093,11,140,0,1,20739310.094393,71,124,0,12,21543170.418097,53,160,0,1,19369937.875629,62,104,0,12,23203366.910485,67,140,0,12,19246419.455983,66,152,0,12,22948325.853193,61,140,0,12,20664181.556582,84,100,0,12,20143006.739936,
22,1553681748,0.589000,24,164,0,1,18351378.149845,13,144,0,1,18564386.745516,28,152,0,1,18771643.766870,15,152,0,1,17891335.162838,18,116,0,1,20884686.305313,20,148,0,1,20049082.838251,17,168,0,1,19260117.678181,43,124,0,1,16162155.064014,34,140,0,1,16855222.608746,44,128,0,1,16770208.557486,42,144,0,1,19621404.567046,52,120,0,1,18346688.366052,10,160,0,1,20477458.478871,35,168,0,1,18932678.957366,11,140,0,1,20739324.019667,71,124,0,12,21543162.286295,53,160,0,1,19369800.088710,62,100,0,12,23203487.142485,67,140,0,12,19246457.445107,66,152,0,12,22948256.645630,61,140,0,12,20664130.026089,84,100,0,12,20143064.657209,
22,1553681748,0.789000,24,164,0,1,18351287.216760,13,144,0,1,18564502.457909,28,152,0,1,18771734.787205,15,152,0,1,17891392.870708,18,112,0,1,20884677.091598,20,148,0,1,20049123.200605,17,168,0,1,19260046.533643,43,124,0,1,16162201.080238,34,140,0,1,16855256.008463,44,128,0,1,16770131.741627,42,148,0,1,19621554.446966,52,120,0,1,18346684.020948,10,160,0,1,20477420.053492,35,168,0,1,18932564.606089,11,140,0,1,20739337.979841,71,124,0,12,21543154.067243,53,160,0,1,19369662.371591,62,100,0,12,23203607.060381,67,140,0,12,19246495.399331,66,148,0,12,22948187.403166,61,140,0,12,20664078.635198,84,104,0,12,20143122.906036,
22,1553681748,0.989000,24,164,0,1,18351196.301126,13,144,0,1,18564618.222654,28,152,0,1,18771825.842441,15,152,0,1,17891450.613478,18,112,0,1,20884667.842983,20,148,0,1,20049163.737461,17,168,0,1,19259975.458907,43,124,0,1,16162247.113912,34,140,0,1,16855289.233677,44,132,0,1,16770054.873418,42,148,0,1,19621704.291986,52,120,0,1,18346681.717519,10,160,0,1,20477381.697913,35,168,0,1,18932450.289713,11,140,0,1,20739351.905115,71,124,0,12,21543145.760939,53,160,0,1,19369524.549772,62,100,0,12,23203728.653499,67,140,0,12,19246533.266303,66,148,0,12,22948118.457355,61,140,0,12,20664027.157056,84,104,0,12,20143180.579006,
22,1553681749,0.189000,24,160,0,1,18351105.385491,13,144,0,1,18564733.952498,28,152,0,1,18771916.950028,15,152,0,1,17891508.356249,18,112,0,1,20884657.948709,20,148,0,1,20049204.309217,17,168,0,1,19259904.209668,43,124,0,1,16162293.269738,34,140,0,1,16855322.650844,44,132,0,1,16769978.144811,42,148,0,1,19621854.137006,52,120,0,1,18346674.824683,10,160,0,1,20477343.429585,35,168,0,1,18932335.851185,11,140,0,1,20739365.830389,71,124,0,12,21543137.978142,53,160,0,1,19369386.762853,62,100,0,12,23203850.298967,67,140,0,12,19246571.220527,66,148,0,12,22948049.267242,61,140,0,12,20663975.940667,84,104,0,12,20143238.251975,
22,1553681749,0.389000,24,164,0,1,18351014.417506,13,144,0,1,18564849.734693,28,152,0,1,18772008.005264,15,152,0,1,17891566.099019,18,112,0,1,20884648.612843,20,148,0,1,20049244.723921,17,168,0,1,19259833.065130,43,124,0,1,16162339.146360,34,140,0,1,16855356.085462,44,132,0,1,16769901.398753,42,148,0,1,19622003.982025,52,120,0,1,18346670.636631,10,160,0,1,20477305.074007,35,168,0,1,18932221.482458,11,140,0,1,20739379.685862,71,124,0,12,21543129.811440,53,160,0,1,19369248.993383,62,100,0,12,23203971.892084,67,140,0,12,19246609.139850,66,152,0,12,22947979.954977,61,140,0,12,20663924.427624,84,104,0,12,20143294.773230,
22,1553681749,0.589000,24,164,0,1,18350923.641474,13,144,0,1,18564965.481987,28,152,0,1,18772099.200102,15,156,0,1,17891623.824339,18,116,0,1,20884637.531955,20,148,0,1,20049285.138626,17,168,0,1,19259762.007843,43,124,0,1,16162385.040433,34,140,0,1,16855389.520079,44,132,0,1,16769824.705046,42,148,0,1,19622153.774694,52,116,0,1,18346664.825708,10,160,0,1,20477266.613727,35,168,0,1,18932107.200982,11,140,0,1,20739393.663486,71,124,0,12,21543121.505136,53,160,0,1,19369111.241365,62,100,0,12,23204094.602015,67,140,0,12,19246646.919571,66,152,0,12,22947910.729963,61,140,0,12,20663872.966932,84,104,0,12,20143351.556239,
22,1553681749,0.789000,24,164,0,1,18350832.935242,13,144,0,1,18565081.421234,28,152,0,1,18772190.377490,15,156,0,1,17891681.828863,18,116,0,1,20884628.771945,20,148,0,1,20049325.605681,17,168,0,1,19259691.142509,43,124,0,1,16162430.672752,34,140,0,1,16855423.146648,44,132,0,1,16769748.116041,42,148,0,1,19622303.759316,52,116,0,1,18346660.480604,10,160,0,1,20477228.519902,35,168,0,1,18931993.024207,11,140,0,1,20739407.745812,71,124,0,12,21543113.861941,53,160,0,1,19368973.681298,62,100,0,12,23204215.287721,67,140,0,12,19246684.926145,66,152,0,12,22947841.504950,61,140,0,12,20663821.663292,84,104,0,12,20143408.234546,
22,1553681749,0.989000,24,164,0,1,18350742.368612,13,144,0,1,18565197.709485,28,152,0,1,18772282.026034,15,156,0,1,17891739.972989,18,116,0,1,20884620.168988,20,148,0,1,20049366.317039,17,168,0,1,19259620.416776,43,124,0,1,16162476.357423,34,140,0,1,16855457.052421,44,132,0,1,16769671.788788,42,148,0,1,19622453.918440,52,116,0,1,18346656.152950,10,160,0,1,20477190.478427,35,168,0,1,18931879.231337,11,140,0,1,20739422.054990,71,124,0,12,21543106.218746,53,160,0,1,19368836.382985,62,100,0,12,23204337.317093,67,140,0,12,19246723.421326,66,152,0,12,22947772.733641,61,140,0,12,20663770.848258,84,104,0,12,20143465.698113,
22,1553681750,0.189000,24,164,0,1,18350651.906683,13,144,0,1,18565313.753433,28,156,0,1,18772373.447724,15,156,0,1,17891798.029863,18,116,0,1,20884610.641169,20,148,0,1,20049407.115648,17,168,0,1,19259549.638693,43,124,0,1,16162518.901053,34,140,0,1,16855490.766242,44,132,0,1,16769595.409185,42,148,0,1,19622603.937962,52,116,0,1,18346650.725932,10,160,0,1,20477152.576554,35,168,0,1,18931765.438467,11,140,0,1,20739436.172217,71,124,0,12,21543098.505750,53,160,0,1,19368698.892719,62,100,0,12,23204459.835072,67,140,0,12,19246761.619852,66,152,0,12,22947704.049584,61,140,0,12,20663719.666769,84,104,0,12,20143524.191243,
22,1553681750,0.389000,24,164,0,1,18350561.287702,13,144,0,1,18565429.675229,28,156,0,1,18772464.817064,15,156,0,1,17891856.139088,18,116,0,1,20884601.427454,20,148,0,1,20049447.844456,17,168,0,1,19259478.738459,43,124,0,1,16162562.212494,34,140,0,1,16855524.462613,44,136,0,1,16769518.872530,42,148,0,1,19622753.940033,52,116,0,1,18346647.043936,10,160,0,1,20477114.535079,35,168,0,1,18931651.314043,11,140,0,1,20739450.254542,71,124,0,12,21543090.775303,53,160,0,1,19368561.367553,62,100,0,12,23204580.293925,67,140,0,12,19246800.027782,66,152,0,12,22947635.173575,61,140,0,12,20663668.729583,84,104,0,12,20143582.509871,
22,1553681750,0.589000,24,164,0,1,18350470.476769,13,144,0,1,18565545.509774,28,156,0,1,18772556.011902,15,156,0,1,17891913.969110,18,116,0,1,20884593.243302,20,148,0,1,20049488.486013,17,168,0,1,19259407.698622,43,124,0,1,16162604.093016,34,140,0,1,16855558.019381,44,136,0,1,16769442.021771,42,148,0,1,19622903.837404,52,116,0,1,18346645.508317,10,160,0,1,20477076.162051,35,168,0,1,18931537.067468,11,140,0,1,20739464.319418,71,124,0,12,21543083.097207,53,160,0,1,19368423.772587,62,100,0,12,23204701.852142,67,140,0,12,19246838.086707,66,152,0,12,22947565.669358,61,140,0,12,20663617.443393,84,104,0,12,20143639.153278,
22,1553681750,0.789000,24,164,0,1,18350379.648386,13,144,0,1,18565661.361770,28,156,0,1,18772647.119489,15,156,0,1,17891971.903833,18,116,0,1,20884583.366479,20,148,0,1,20049529.005419,17,168,0,1,19259336.815838,43,124,0,1,16162649.079678,34,140,0,1,16855591.506349,44,136,0,1,16769365.293164,42,144,0,1,19623053.682423,52,116,0,1,18346641.424966,10,160,0,1,20477037.946074,35,168,0,1,18931422.873243,11,140,0,1,20739478.366843,71,124,0,12,21543075.384211,53,160,0,1,19368286.195070,62,100,0,12,23204822.712350,67,140,0,12,19246876.180532,66,152,0,12,22947496.531595,61,140,0,12,20663566.471307,84,104,0,12,20143697.018200,
22,1553681750,0.989000,24,164,0,1,18350288.977054,13,144,0,1,18565777.475519,28,156,0,1,18772738.366678,15,156,0,1,17892029.838556,18,112,0,1,20884573.681608,20,148,0,1,20049569.472473,17,168,0,1,19259265.880703,43,124,0,1,16162692.897174,34,140,0,1,16855625.080568,44,136,0,1,16769288.721608,42,144,0,1,19623203.649595,52,116,0,1,18346635.003286,10,160,0,1,20476999.817348,35,168,0,1,18931308.713918,11,140,0,1,20739492.501519,71,124,0,12,21543067.531613,53,160,0,1,19368148.704804,62,100,0,12,23204944.479970,67,140,0,12,19246914.379058,66,152,0,12,22947427.585785,61,140,0,12,20663515.272369,84,104,0,12,20143755.284477,
22,1553681751,0.189000,24,164,0,1,18350198.288273,13,144,0,1,18565893.397315,28,156,0,1,18772829.613866,15,156,0,1,17892087.633677,18,112,0,1,20884563.577932,20,148,0,1,20049609.939528,17,168,0,1,19259194.928117,43,124,0,1,16162736.069013,34,140,0,1,16855658.515185,44,136,0,1,16769212.080252,42,144,0,1,19623353.564415,52,116,0,1,18346631.338740,10,160,0,1,20476961.706072,35,168,0,1,18931194.711646,11,140,0,1,20739506.444243,71,124,0,12,21543059.731366,53,160,0,1,19368010.970236,62,100,0,12,23205066.177788,67,140,0,12,19246952.455434,66,152,0,12,22947358.238619,61,140,0,12,20663463.724425,84,104,0,12,20143814.650117,
22,1553681751,0.389000,24,164,0,1,18350107.372638,13,144,0,1,18566009.336562,28,156,0,1,18772920.878505,15,156,0,1,17892145.533499,18,112,0,1,20884553.613858,20,148,0,1,20049650.563635,17,168,0,1,19259124.027883,43,124,0,1,16162779.729458,34,140,0,1,16855692.019603,44,136,0,1,16769135.403995,42,144,0,1,19623503.461786,52,116,0,1,18346626.731883,10,160,0,1,20476923.437745,35,168,0,1,18931080.499971,11,140,0,1,20739520.544019,71,124,0,12,21543051.756616,53,160,0,1,19367873.322918,62,100,0,12,23205185.799031,67,140,0,12,19246990.374757,66,152,0,12,22947288.908904,61,140,0,12,20663412.455686,84,104,0,12,20143873.893607,
22,1553681751,0.589000,24,164,0,1,18350016.631506,13,144,0,1,18566125.328159,28,156,0,1,18773012.143144,15,156,0,1,17892203.485672,18,112,0,1,20884544.661896,20,148,0,1,20049691.030690,17,168,0,1,19259053.005496,43,124,0,1,16162824.297314,34,136,0,1,16855725.436770,44,136,0,1,16769058.867340,42,148,0,1,19623653.428957,52,116,0,1,18346622.229727,10,160,0,1,20476885.396270,35,172,0,1,18930966.445348,11,140,0,1,20739534.626345,71,124,0,12,21543044.026170,53,160,0,1,19367735.710501,62,100,0,12,23205306.432386,67,140,0,12,19247028.311530,66,152,0,12,22947219.806042,61,140,0,12,20663361.099695,84,104,0,12,20143932.735741,
22,1553681751,0.789000,24,164,0,1,18349925.750772,13,144,0,1,18566241.267406,28,156,0,1,18773103.390332,15,156,0,1,17892261.263343,18,112,0,1,20884534.680371,20,148,0,1,20049731.759498,17,168,0,1,19258981.983110,43,124,0,1,16162870.016885,34,136,0,1,16855759.063340,44,136,0,1,16768982.225984,42,148,0,1,19623803.291427,52,116,0,1,18346617.064462,10,160,0,1,20476846.988341,35,172,0,1,18930852.216222,11,140,0,1,20739548.673770,71,124,0,12,21543035.876918,53,160,0,1,19367597.993383,62,100,0,12,23205428.357057,67,140,0,12,19247066.073801,66,152,0,12,22947150.999834,61,140,0,12,20663309.673903,84,104,0,12,20143991.577875,
22,1553681751,0.989000,24,164,0,1,18349834.904939,13,144,0,1,18566357.084501,28,156,0,1,18773194.620071,15,156,0,1,17892319.250417,18,112,0,1,20884525.641159,20,148,0,1,20049772.244004,17,168,0,1,19258910.960724,43,124,0,1,16162913.677329,34,136,0,1,16855792.567758,44,136,0,1,16768905.445026,42,144,0,1,19623953.084096,52,116,0,1,18346614.429479,10,160,0,1,20476808.789814,35,172,0,1,18930738.039448,11,140,0,1,20739562.790996,71,124,0,12,21543027.919619,53,164,0,1,19367460.363515,62,100,0,12,23205550.403880,67,140,0,12,19247104.219977,66,152,0,12,22947081.617768,61,140,0,12,20663258.387713,84,104,0,12,20144048.936741,
22,1553681752,0.189000,24,164,0,1,18349744.094005,13,144,0,1,18566473.023748,28,156,0,1,18773285.762558,15,156,0,1,17892376.958287,18,112,0,1,20884516.357643,20,148,0,1,20049812.623807,17,168,0,1,19258839.903437,43,124,0,1,16162959.536502,34,140,0,1,16855826.089626,44,140,0,1,16768828.856020,42,148,0,1,19624102.876765,52,116,0,1,18346610.328678,10,160,0,1,20476770.504037,35,172,0,1,18930623.949924,11,140,0,1,20739576.890772,71,124,0,12,21543019.630765,53,164,0,1,19367322.628947,62,100,0,12,23205671.630543,67,136,0,12,19247142.226552,66,152,0,12,22947012.235702,61,140,0,12,20663206.961921,84,104,0,12,20144107.255368,
22,1553681752,0.389000,24,164,0,1,18349653.160921,13,144,0,1,18566588.840843,28,156,0,1,18773377.027197,15,156,0,1,17892434.805759,18,112,0,1,20884505.974763,20,148,0,1,20049853.090862,17,168,0,1,19258768.811250,43,124,0,1,16163003.127145,34,140,0,1,16855859.663845,44,140,0,1,16768752.162313,42,148,0,1,19624252.686884,52,116,0,1,18346607.327241,10,160,0,1,20476732.235709,35,172,0,1,18930509.738249,11,140,0,1,20739591.042899,71,124,0,12,21543011.795618,53,164,0,1,19367185.033980,62,100,0,12,23205792.246448,67,136,0,12,19247180.076074,66,152,0,12,22946943.132840,61,140,0,12,20663155.693182,84,104,0,12,20144165.643797,
22,1553681752,0.589000,24,164,0,1,18349562.262737,13,144,0,1,18566704.675388,28,156,0,1,18773468.222035,15,156,0,1,17892492.705581,18,112,0,1,20884494.928775,20,148,0,1,20049893.592818,17,168,0,1,19258697.771414,43,124,0,1,16163049.317872,34,136,0,1,16855893.307865,44,140,0,1,16768675.608208,42,148,0,1,19624402.444653,52,116,0,1,18346604.674808,10,160,0,1,20476693.757979,35,172,0,1,18930395.613825,11,140,0,1,20739605.177575,71,124,0,12,21543003.785968,53,164,0,1,19367047.543714,62,100,0,12,23205913.001954,67,136,0,12,19247218.152449,66,152,0,12,22946874.012527,61,140,0,12,20663104.564044,84,104,0,12,20144224.642983,
22,1553681752,0.789000,24,160,0,1,18349471.259851,13,144,0,1,18566820.509934,28,156,0,1,18773559.242370,15,156,0,1,17892550.483252,18,112,0,1,20884484.598246,20,148,0,1,20049934.216925,17,168,0,1,19258626.766478,43,124,0,1,16163095.857603,34,136,0,1,16855926.829733,44,140,0,1,16768598.984302,42,148,0,1,19624552.359473,52,116,0,1,18346602.109626,10,160,0,1,20476655.507102,35,172,0,1,18930281.367250,11,140,0,1,20739619.259901,71,124,0,12,21542995.636716,53,164,0,1,19366909.896397,62,100,0,12,23206033.338656,67,136,0,12,19247256.368426,66,152,0,12,22946804.770063,61,140,0,12,20663053.452356,84,104,0,12,20144282.490455,
22,1553681752,0.989000,24,160,0,1,18349380.431468,13,144,0,1,18566936.257228,28,156,0,1,18773650.629161,15,156,0,1,17892608.260923,18,112,0,1,20884474.372419,20,148,0,1,20049974.841032,17,168,0,1,19258555.813893,43,120,0,1,16163142.816138,34,136,0,1,16855960.212000,44,140,0,1,16768522.360396,42,148,0,1,19624702.064891,52,116,0,1,18346599.596794,10,160,0,1,20476617.168973,35,172,0,1,18930167.207925,11,140,0,1,20739633.150274,71,124,0,12,21542987.539815,53,164,0,1,19366772.266529,62,100,0,12,23206154.984124,67,136,0,12,19247294.340100,66,152,0,12,22946735.335647,61,140,0,12,20663001.956763,84,104,0,12,20144339.587567,
22,1553681753,0.189000,24,160,0,1,18349289.655435,13,144,0,1,18567052.179024,28,156,0,1,18773741.823999,15,156,0,1,17892666.282897,18,112,0,1,20884463.762686,20,148,0,1,20050015.360437,17,168,0,1,19258484.878757,43,124,0,1,16163188.483358,34,136,0,1,16855993.890920,44,140,0,1,16768445.771390,42,144,0,1,19624851.909911,52,116,0,1,18346595.844997,10,160,0,1,20476578.918096,35,172,0,1,18930053.066051,11,140,0,1,20739647.005747,71,124,0,12,21542979.634866,53,164,0,1,19366634.671563,62,100,0,12,23206274.884570,67,136,0,12,19247332.102371,66,152,0,12,22946666.145534,61,140,0,12,20662950.653123,84,104,0,12,20144398.028347,
22,1553681753,0.389000,24,160,0,1,18349198.757251,13,144,0,1,18567167.926318,28,156,0,1,18773833.036287,15,156,0,1,17892724.060568,18,112,0,1,20884453.554309,20,148,0,1,20050055.932193,17,168,0,1,19258413.769120,43,124,0,1,16163237.623171,34,136,0,1,16856027.587290,44,140,0,1,16768369.095133,42,144,0,1,19625001.667680,52,116,0,1,18346593.593919,10,160,0,1,20476540.737020,35,172,0,1,18929938.889276,11,140,0,1,20739661.122973,71,124,0,12,21542971.590316,53,164,0,1,19366497.059145,62,100,0,12,23206396.599839,67,136,0,12,19247370.056594,66,152,0,12,22946596.920520,61,140,0,12,20662899.227332,84,104,0,12,20144457.114784,
22,1553681753,0.589000,24,160,0,1,18349107.702015,13,144,0,1,18567283.900466,28,156,0,1,18773924.248575,15,156,0,1,17892781.977841,18,112,0,1,20884444.009040,20,148,0,1,20050096.556300,17,168,0,1,19258342.816535,43,124,0,1,16163282.836686,34,140,0,1,16856061.283661,44,140,0,1,16768292.488678,42,144,0,1,19625151.442899,52,116,0,1,18346592.197902,10,160,0,1,20476502.643194,35,172,0,1,18929824.695051,11,140,0,1,20739675.275100,71,124,0,12,21542963.475965,53,164,0,1,19366359.464179,62,100,0,12,23206517.564748,67,136,0,12,19247407.923567,66,152,0,12,22946527.695506,61,140,0,12,20662848.028393,84,104,0,12,20144515.241459,
22,1553681753,0.789000,24,160,0,1,18349016.908532,13,144,0,1,18567399.909513,28,156,0,1,18774015.425963,15,156,0,1,17892839.860213,18,112,0,1,20884433.765762,20,148,0,1,20050137.285108,17,168,0,1,19258271.916300,43,124,0,1,16163327.090438,34,140,0,1,16856094.945131,44,140,0,1,16768215.794971,42,144,0,1,19625301.444970,52,116,0,1,18346589.981724,10,160,0,1,20476464.339966,35,172,0,1,18929710.692779,11,140,0,1,20739689.357426,71,124,0,12,21542955.518665,53,164,0,1,19366221.729610,62,96,0,12,23206639.175316,67,136,0,12,19247445.703288,66,152,0,12,22946458.662445,61,140,0,12,20662796.829454,84,104,0,12,20144572.739927,
22,1553681753,0.989000,24,164,0,1,18348926.115049,13,144,0,1,18567515.813859,28,156,0,1,18774106.551000,15,156,0,1,17892897.760035,18,112,0,1,20884425.284956,20,148,0,1,20050178.083718,17,168,0,1,19258201.085866,43,124,0,1,16163373.595268,34,140,0,1,16856128.624051,44,140,0,1,16768139.310666,42,144,0,1,19625451.272540,52,116,0,1,18346589.336066,10,160,0,1,20476426.246141,35,172,0,1,18929596.446203,11,140,0,1,20739703.335050,71,124,0,12,21542947.666067,53,164,0,1,19366084.064842,62,96,0,12,23206759.878472,67,136,0,12,19247484.023966,66,152,0,12,22946389.454881,61,140,0,12,20662745.717766,84,104,0,12,20144630.622299,
22,1553681754,0.189000,24,164,0,1,18348835.339016,13,144,0,1,18567631.805457,28,156,0,1,18774197.763288,15,156,0,1,17892955.659858,18,112,0,1,20884415.861839,20,148,0,1,20050218.603123,17,168,0,1,19258130.115831,43,124,0,1,16163423.223687,34,140,0,1,16856162.250621,44,140,0,1,16768062.756561,42,144,0,1,19625601.309512,52,116,0,1,18346586.596382,10,160,0,1,20476388.030164,35,172,0,1,18929482.356680,11,140,0,1,20739717.452276,71,124,0,12,21542939.830920,53,164,0,1,19365946.469875,62,96,0,12,23206879.848719,67,136,0,12,19247521.856038,66,152,0,12,22946320.666123,61,140,0,12,20662694.571178,84,104,0,12,20144688.242918,
22,1553681754,0.389000,24,164,0,1,18348744.493183,13,144,0,1,18567747.674902,28,156,0,1,18774288.940675,15,152,0,1,17893013.507330,18,112,0,1,20884405.897764,20,148,0,1,20050259.157429,17,168,0,1,19258059.128345,43,124,0,1,16163471.473539,34,140,0,1,16856195.772489,44,140,0,1,16767986.132655,42,144,0,1,19625751.189432,52,116,0,1,18346583.594945,10,160,0,1,20476349.814187,35,172,0,1,18929368.267156,11,140,0,1,20739731.552052,71,124,0,12,21542931.646767,53,164,0,1,19365808.857458,62,96,0,12,23207001.023031,67,136,0,12,19247559.914963,66,152,0,12,22946251.667962,61,140,0,12,20662643.599092,84,104,0,12,20144747.277004,
22,1553681754,0.589000,24,164,0,1,18348653.682250,13,144,0,1,18567863.683950,28,156,0,1,18774380.135513,15,152,0,1,17893071.267550,18,112,0,1,20884396.212894,20,148,0,1,20050299.641934,17,168,0,1,19257988.071058,43,128,0,1,16163522.166422,34,140,0,1,16856229.399059,44,140,0,1,16767909.438948,42,144,0,1,19625901.034452,52,116,0,1,18346581.780122,10,164,0,1,20476311.755262,35,172,0,1,18929253.968230,11,140,0,1,20739745.721629,71,124,0,12,21542923.549866,53,164,0,1,19365671.262491,62,96,0,12,23207121.516784,67,136,0,12,19247597.869187,66,152,0,12,22946182.146294,61,140,0,12,20662592.243101,84,104,0,12,20144805.962087,
22,1553681754,0.789000,24,164,0,1,18348562.923667,13,144,0,1,18567979.692998,28,156,0,1,18774471.382702,15,152,0,1,17893128.957970,18,112,0,1,20884387.348183,20,148,0,1,20050340.213691,17,168,0,1,19257917.135923,43,128,0,1,16163568.671252,34,140,0,1,16856262.973278,44,140,0,1,16767832.745241,42,144,0,1,19626050.931822,52,116,0,1,18346579.616295,10,164,0,1,20476273.574186,35,172,0,1,18929139.739105,11,140,0,1,20739759.908656,71,124,0,12,21542915.627468,53,164,0,1,19365533.580273,62,96,0,12,23207241.993087,67,136,0,12,19247635.753610,66,152,0,12,22946113.025982,61,140,0,12,20662541.026712,84,104,0,12,20144864.053862,
22,1553681754,0.989000,24,164,0,1,18348472.130184,13,144,0,1,18568095.614794,28,160,0,1,18774562.612440,15,152,0,1,17893186.840342,18,112,0,1,20884377.977416,20,148,0,1,20050380.785447,17,168,0,1,19257846.113537,43,128,0,1,16163616.781502,34,140,0,1,16856296.669648,44,140,0,1,16767756.103885,42,144,0,1,19626200.794292,52,116,0,1,18346576.737009,10,164,0,1,20476235.619962,35,172,0,1,18929025.440178,11,140,0,1,20739774.095683,71,124,0,12,21542908.123874,53,164,0,1,19365395.915506,62,96,0,12,23207363.830508,67,136,0,12,19247673.725283,66,152,0,12,22946044.080172,61,140,0,12,20662489.513669,84,104,0,12,20144923.506753,
