obsCount, time1, time2, sat, SNR, LLI, code,P
22,1552384628,0.800000,8,112,2,1,24112014.818403,7,116,2,1,24724411.555694,28,176,0,1,20931016.746839,30,180,0,1,21983914.862252,43,176,0,1,19889120.802783,13,180,0,1,20300462.543208,15,172,0,1,21297905.725092,5,112,2,1,24422374.810952,80,144,0,12,23546043.231744,78,132,0,12,24358435.029926,63,116,0,12,24681768.535180,86,108,0,12,25280474.852470,20,128,0,1,23864880.821224,34,164,0,1,19529888.975249,44,148,0,1,19390575.535154,35,152,0,1,21399474.613257,33,140,0,1,22907883.822892,60,132,0,12,26020249.288375,52,104,0,1,22249260.383670,42,56,0,1,24121408.809207,24,104,0,1,24473620.019052,53,80,0,1,23518231.618130,
22,1552384629,0.000000,8,112,2,1,24112084.305170,7,112,2,1,24724543.889421,28,176,0,1,20931012.628587,30,176,0,1,21984016.361443,43,176,0,1,19889201.379164,13,180,0,1,20300469.793773,15,176,0,1,21297840.138449,5,112,2,1,24422515.520782,80,144,0,12,23546030.911890,78,132,0,12,24358507.352353,63,116,0,12,24681717.973174,86,108,0,12,25280564.581490,20,124,0,1,23864801.082454,34,164,0,1,19529924.905247,44,148,0,1,19390526.849046,35,152,0,1,21399356.222255,33,140,0,1,22908053.831639,60,132,0,12,26020147.632132,52,104,0,1,22249234.566073,42,56,0,1,24121565.747740,24,104,0,1,24473480.940817,53,76,0,1,23518088.194790,
22,1552384629,0.200000,8,112,2,1,24112151.532134,7,112,2,1,24724672.645852,28,176,0,1,20931008.606312,30,176,0,1,21984117.738483,43,172,0,1,19889281.859568,13,180,0,1,20300477.035614,15,176,0,1,21297774.621606,5,112,2,1,24422655.680931,80,144,0,12,23546018.565861,78,132,0,12,24358579.735857,63,116,0,12,24681667.341367,86,108,0,12,25280654.546087,20,124,0,1,23864720.253045,34,164,0,1,19529960.826520,44,152,0,1,19390478.180389,35,152,0,1,21399237.805077,33,124,0,1,22908222.645045,60,132,0,12,26020038.166916,52,104,0,1,22249209.184731,42,56,0,1,24121722.441970,24,104,0,1,24473342.351187,53,76,0,1,23517945.137905,
22,1552384629,0.400000,8,112,2,1,24112227.239904,7,112,2,1,24724802.850652,28,176,0,1,20931004.470610,30,176,0,1,21984219.098073,43,172,0,1,19889362.313797,13,180,0,1,20300483.989525,15,176,0,1,21297709.078588,5,112,2,1,24422796.303511,80,140,0,12,23546005.809752,78,132,0,12,24358651.944858,63,116,0,12,24681614.249080,86,108,0,12,25280743.646899,20,124,0,1,23864639.790091,34,164,0,1,19529996.765244,44,152,0,1,19390429.511732,35,152,0,1,21399119.448976,33,124,0,1,22908392.566540,60,128,0,12,26019933.919315,52,104,0,1,22249183.053030,42,56,0,1,24121878.699945,24,104,0,1,24473203.700482,53,76,0,1,23517801.854167,
22,1552384629,0.600000,8,116,2,1,24112300.530818,7,112,2,1,24724934.006488,28,176,0,1,20931000.273833,30,176,0,1,21984320.396587,43,172,0,1,19889442.759301,13,180,0,1,20300490.978337,15,176,0,1,21297643.387244,5,112,2,1,24422934.264932,80,140,0,12,23545993.280496,78,132,0,12,24358723.918281,63,116,0,12,24681562.709862,86,108,0,12,25280832.538308,20,124,0,1,23864557.547215,34,160,0,1,19530032.773768,44,156,0,1,19390380.921600,35,152,0,1,21399001.127774,33,124,0,1,22908558.710063,60,128,0,12,26019832.568451,52,108,0,1,22249157.427385,42,56,0,1,24122035.882781,24,104,0,1,24473065.163204,53,76,0,1,23517658.701306,
22,1552384629,0.800000,8,116,2,1,24112374.048586,7,112,2,1,24725064.246189,28,176,0,1,20930996.120681,30,176,0,1,21984421.764902,43,172,0,1,19889523.239705,13,180,0,1,20300498.289979,15,176,0,1,21297577.783150,5,112,2,1,24423078.839986,80,140,0,12,23545980.602912,78,132,0,12,24358796.188357,63,116,0,12,24681517.321845,86,112,1,12,25280919.257165,20,124,0,1,23864474.990235,34,160,0,1,19530068.834643,44,156,0,1,19390332.287843,35,152,0,1,21398882.797848,33,120,0,1,22908723.204541,60,132,0,12,26019733.512290,52,108,0,1,22249131.609788,42,56,0,1,24122193.650200,24,100,0,1,24472925.709789,53,72,0,1,23517515.190715,
22,1552384630,0.000000,8,116,2,1,24112451.728230,7,112,2,1,24725195.812105,28,176,0,1,20930992.194382,30,176,0,1,21984523.229193,43,172,0,1,19889603.423455,13,180,0,1,20300505.348592,15,176,0,1,21297512.344834,5,112,2,1,24423216.417503,80,140,0,12,23545968.134732,78,132,0,12,24358868.475884,63,116,0,12,24681470.005580,86,112,0,12,25281006.412278,20,124,0,1,23864391.298991,34,152,0,1,19530104.869343,44,156,0,1,19390283.706437,35,152,0,1,21398764.337045,33,120,0,1,22908890.621930,60,132,0,12,26019627.310264,52,108,0,1,22249106.917730,42,56,0,1,24122351.225666,24,100,0,1,24472787.277211,53,72,0,1,23517372.413034,
22,1552384630,0.200000,8,120,2,1,24112527.444725,7,112,2,1,24725328.110931,28,176,0,1,20930988.207007,30,180,0,1,21984624.754559,43,172,0,1,19889683.825333,13,180,0,1,20300512.538082,15,176,0,1,21297447.037394,5,112,2,1,24423353.297011,80,140,0,12,23545955.762527,78,132,0,12,24358940.711061,63,116,0,12,24681420.394611,86,116,0,12,25281097.729267,20,124,0,1,23864310.207829,34,156,0,1,19530140.895317,44,156,0,1,19390235.273358,35,152,0,1,21398646.007118,33,120,0,1,22909057.097007,60,132,0,12,26019525.348642,52,108,0,1,22249081.571289,42,60,0,1,24122508.382327,24,100,0,1,24472648.923160,53,72,0,1,23517229.199097,
22,1552384630,0.400000,8,120,2,1,24112602.079306,7,112,2,1,24725458.219754,28,180,0,1,20930984.132382,30,176,0,1,21984726.183950,43,172,0,1,19889764.174861,13,180,0,1,20300519.614145,15,172,0,1,21297381.485651,5,112,2,1,24423493.108155,80,140,0,12,23545943.329247,78,132,0,12,24359012.858986,63,112,0,12,24681367.433200,86,116,0,12,25281189.465062,20,124,0,1,23864228.095829,34,160,0,1,19530176.938742,44,156,0,1,19390186.840279,35,152,0,1,21398527.555040,33,120,0,1,22909225.692286,60,132,0,12,26019418.692911,52,112,0,1,22249056.565127,42,60,0,1,24122665.251059,24,100,0,1,24472510.255005,53,68,0,1,23517086.150937,
22,1552384630,0.600000,8,120,2,1,24112674.829264,7,112,2,1,24725586.330528,28,180,0,1,20930980.083931,30,176,0,1,21984827.613341,43,172,0,1,19889844.733791,13,184,0,1,20300526.637857,15,172,0,1,21297316.064785,5,112,2,1,24423634.952250,80,144,0,12,23545931.262422,78,132,0,12,24359085.137788,63,112,0,12,24681310.100510,86,116,0,12,25281280.075318,20,124,0,1,23864147.397297,34,164,0,1,19530213.025792,44,156,0,1,19390138.354849,35,152,0,1,21398409.181488,33,120,0,1,22909392.699595,60,132,0,12,26019311.365347,52,112,0,1,22249031.332112,42,60,0,1,24122822.058716,24,100,0,1,24472371.045893,53,68,0,1,23516942.474569,
22,1552384630,0.800000,8,116,2,1,24112747.971851,7,112,2,1,24725714.624529,28,180,0,1,20930975.974405,30,176,0,1,21984929.042731,43,172,0,1,19889925.292721,13,184,0,1,20300533.792447,15,172,0,1,21297250.574117,5,108,2,1,24423776.203038,80,144,0,12,23545918.829142,78,132,0,12,24359157.250813,63,112,0,12,24681261.554004,86,116,0,12,25281370.511071,20,124,0,1,23864065.564501,34,168,0,1,19530249.086667,44,160,0,1,19390089.808343,35,148,0,1,21398290.964988,33,120,0,1,22909559.436425,60,132,0,12,26019208.496314,52,112,0,1,22249006.299775,42,60,0,1,24122979.189202,24,100,0,1,24472232.499889,53,68,0,1,23516800.517048,
22,1552384631,0.000000,8,116,2,1,24112819.779497,7,112,2,1,24725843.232634,28,180,0,1,20930971.969580,30,176,0,1,21985030.507022,43,172,0,1,19890005.703325,13,184,0,1,20300540.973211,15,172,0,1,21297185.196877,5,108,2,1,24423918.518289,80,144,0,12,23545906.186459,78,136,0,12,24359229.416188,63,112,0,12,24681211.847059,86,116,0,12,25281459.289054,20,124,0,1,23863982.562540,34,168,0,1,19530285.156267,44,160,0,1,19390041.296738,35,148,0,1,21398172.652512,33,120,0,1,22909727.516922,60,128,0,12,26019103.585604,52,112,0,1,22248981.677518,42,60,0,1,24123136.145185,24,100,0,1,24472092.566593,53,64,0,1,23516657.713191,
22,1552384631,0.200000,8,116,2,1,24112893.628819,7,112,2,1,24725972.276994,28,180,0,1,20930967.964755,30,176,0,1,21985131.962588,43,172,0,1,19890086.288430,13,184,0,1,20300548.276127,15,172,0,1,21297119.749835,5,108,2,1,24424061.487922,80,144,0,12,23545893.875330,78,136,0,12,24359301.468137,63,112,0,12,24681160.525968,86,116,0,12,25281540.912447,20,124,0,1,23863900.878071,34,168,0,1,19530321.138616,44,160,0,1,19389992.758957,35,148,0,1,21398054.409836,33,120,0,1,22909895.039013,60,128,0,12,26018997.313778,52,112,0,1,22248956.671356,42,56,0,1,24123292.743439,24,100,0,1,24471952.101065,53,64,0,1,23516515.903997,
22,1552384631,0.400000,8,116,2,1,24112968.403002,7,112,2,1,24726100.928724,28,180,0,1,20930963.933755,30,176,0,1,21985233.461780,43,172,0,1,19890166.786285,13,184,0,1,20300555.544143,15,176,0,1,21297054.154466,5,104,2,1,24424201.866199,80,144,0,12,23545881.494401,78,136,0,12,24359373.677138,63,112,0,12,24681111.831136,86,116,0,12,25281629.524653,20,124,0,1,23863820.423842,34,168,0,1,19530357.190766,44,160,0,1,19389944.273527,35,148,0,1,21397936.158436,33,120,0,1,22910062.770506,60,128,0,12,26018889.453983,52,112,0,1,22248931.534317,42,56,0,1,24123449.760498,24,100,0,1,24471811.958367,53,64,0,1,23516372.951813,
22,1552384631,0.600000,8,116,2,1,24113039.242161,7,112,2,1,24726231.273125,28,180,0,1,20930959.920204,30,176,0,1,21985335.126748,43,168,0,1,19890247.458641,13,184,0,1,20300562.707458,15,176,0,1,21296988.672524,5,104,2,1,24424344.888184,80,144,0,12,23545869.331599,78,136,0,12,24359445.859964,63,112,0,12,24681062.141641,86,116,0,12,25281720.859093,20,124,0,1,23863738.111165,34,172,0,1,19530393.225466,44,160,0,1,19389895.822997,35,152,0,1,21397817.941936,33,120,0,1,22910233.503436,60,128,0,12,26018784.647975,52,112,0,1,22248906.135525,42,56,0,1,24123607.274889,24,100,0,1,24471673.106984,53,64,0,1,23516230.104330,
22,1552384631,0.800000,8,112,2,1,24113112.332398,7,112,2,1,24726358.546288,28,180,0,1,20930955.819403,30,176,0,1,21985436.669565,43,168,0,1,19890327.799444,13,184,0,1,20300569.923123,15,176,0,1,21296923.129507,5,104,0,1,24424488.363874,80,144,0,12,23545856.837243,78,136,0,12,24359517.920638,63,112,0,12,24681012.347444,86,120,0,12,25281811.574050,20,124,0,1,23863656.348170,34,172,0,1,19530429.417217,44,160,0,1,19389847.215416,35,152,0,1,21397699.673085,33,124,0,1,22910403.677959,60,128,0,12,26018682.703803,52,112,0,1,22248880.893785,42,56,0,1,24123764.571152,24,100,0,1,24471533.147513,53,60,0,1,23516087.413900,
22,1552384632,0.000000,8,112,2,1,24113184.855503,7,112,2,1,24726486.770488,28,180,0,1,20930951.709877,30,176,0,1,21985538.160032,43,168,0,1,19890408.271123,13,184,0,1,20300577.304565,15,176,0,1,21296857.560313,5,100,0,1,24424631.857014,80,144,0,12,23545844.264361,78,136,0,12,24359590.199440,63,112,0,12,24680964.263369,86,120,0,12,25281902.018528,20,124,0,1,23863573.939517,34,172,0,1,19530465.451917,44,160,0,1,19389798.642735,35,152,0,1,21397581.395509,33,128,0,1,22910576.557267,60,124,0,12,26018582.207999,52,112,0,1,22248855.268140,42,56,0,1,24123921.535860,24,100,0,1,24471394.025652,53,60,0,1,23515944.967772,
22,1552384632,0.200000,8,112,2,1,24113258.652473,7,112,0,1,24726615.727598,28,180,0,1,20930947.635251,30,176,0,1,21985639.624323,43,168,0,1,19890488.664276,13,184,0,1,20300584.528955,15,176,0,1,21296791.999845,5,100,0,1,24424775.184378,80,144,0,12,23545831.848531,78,136,0,12,24359662.452067,63,112,0,12,24680913.875866,86,120,0,12,25281997.698072,20,124,0,1,23863492.577877,34,172,0,1,19530501.565142,44,160,0,1,19389750.183480,35,152,0,1,21397463.083033,33,128,0,1,22910746.155933,60,124,0,12,26018477.480517,52,112,0,1,22248830.279428,42,56,0,1,24124078.971725,24,100,0,1,24471254.371559,53,60,0,1,23515802.085390,
22,1552384632,0.400000,8,112,2,1,24113330.625896,7,112,0,1,24726741.089962,28,180,0,1,20930943.621701,30,176,0,1,21985740.870486,43,168,0,1,19890569.188306,13,184,0,1,20300591.692269,15,176,0,1,21296726.352126,5,104,0,1,24424918.537917,80,144,0,12,23545819.406526,78,140,0,12,24359734.687243,63,112,0,12,24680861.437961,86,120,0,12,25282087.994224,20,124,0,1,23863410.692730,34,172,0,1,19530537.652193,44,160,0,1,19389701.732951,35,152,0,1,21397344.788007,33,128,0,1,22910915.204917,60,124,0,12,26018374.253754,52,112,0,1,22248804.898087,42,56,0,1,24124236.198186,24,100,0,1,24471115.528902,53,60,0,1,23515659.011054,
22,1552384632,0.600000,8,112,2,1,24113405.557131,7,112,0,1,24726870.012170,28,180,0,1,20930939.660502,30,176,0,1,21985842.186450,43,168,0,1,19890649.651260,13,184,0,1,20300598.733432,15,176,0,1,21296660.686957,5,104,0,1,24425060.678665,80,144,0,12,23545807.365876,78,136,0,12,24359807.114372,63,112,0,12,24680813.929744,86,116,0,12,25282179.677668,20,124,0,1,23863328.554555,34,172,0,1,19530573.756693,44,160,0,1,19389653.264971,35,152,0,1,21397226.344654,33,132,0,1,22911087.534542,60,124,0,12,26018271.829701,52,112,0,1,22248780.110052,42,56,0,1,24124393.590425,24,100,0,1,24470976.503017,53,56,0,1,23515515.282336,
22,1552384632,0.800000,8,112,2,1,24113475.837883,7,112,0,1,24726997.782665,28,172,0,1,20930935.847629,30,164,0,1,21985943.519865,43,164,0,1,19890730.149114,13,184,0,1,20300605.879296,15,172,0,1,21296594.969437,5,108,0,1,24425204.180531,80,148,0,12,23545795.168174,78,136,0,12,24359879.183771,63,112,0,12,24680762.111322,86,116,0,12,25282271.003382,20,124,0,1,23863246.617058,34,172,0,1,19530609.843744,44,156,0,1,19389604.570138,35,152,0,1,21397108.032178,33,132,0,1,22911255.396912,60,140,0,12,26018166.587438,52,116,0,1,22248754.728711,42,56,0,1,24124550.930314,24,96,0,1,24470836.648247,53,56,0,1,23515372.260351,
22,1552384633,0.000000,8,116,2,1,24113554.948446,7,112,0,1,24727124.977302,28,164,0,1,20930931.738103,30,164,0,1,21986044.652602,43,172,0,1,19890810.812746,13,180,0,1,20300612.946634,15,168,0,1,21296529.007614,5,112,3,1,24425342.011076,80,160,0,12,23545782.987922,78,132,0,12,24359951.288071,63,112,0,12,24680715.650117,86,116,0,12,25282340.376723,20,124,0,1,23863164.077528,34,160,0,1,19530645.930794,44,144,0,1,19389555.831680,35,148,0,1,21396989.632450,33,112,0,1,22911423.704262,60,148,0,12,26018062.165335,52,120,0,1,22248728.352707,42,60,0,1,24124707.929923,24,92,0,1,24470697.247182,53,56,0,1,23515230.154503,
22,1552384633,0.200000,8,116,2,1,24113632.034782,7,112,0,1,24727252.294090,28,140,0,1,20930927.488975,30,180,0,1,21986145.994741,43,152,0,1,19890891.197174,13,168,0,1,20300620.057598,15,168,0,1,21296463.167942,5,108,0,1,24425483.750469,80,148,0,12,23545771.017072,78,120,0,12,24360023.340020,63,132,0,12,24680670.550029,86,136,0,12,25282416.730151,20,120,0,1,23863082.934015,34,148,0,1,19530682.105095,44,144,0,1,19389507.381150,35,140,0,1,21396871.162922,33,128,0,1,22911595.065400,60,140,0,12,26017955.954585,52,136,0,1,22248705.283519,42,64,0,1,24124865.505389,24,92,0,1,24470558.317274,53,56,0,1,23515087.882878,
22,1552384633,0.400000,8,116,2,1,24113703.999480,7,108,0,1,24727382.080085,28,148,0,1,20930923.143871,30,184,0,1,21986247.092578,43,168,0,1,19890971.642678,13,176,0,1,20300627.002785,15,164,0,1,21296397.537673,5,72,0,1,24425625.376436,80,164,0,12,23545758.644868,78,136,0,12,24360095.287267,63,140,0,12,24680637.176488,86,152,0,12,25282496.913901,20,100,3,1,23863002.558312,34,140,0,1,19530718.183420,44,144,0,1,19389458.886995,35,148,0,1,21396752.928972,33,140,0,1,22911765.300999,60,108,0,12,26017849.979412,52,136,0,1,22248678.968590,42,64,0,1,24125023.045954,24,88,0,1,24470420.137725,53,56,0,1,23514945.366950,
21,1552384633,0.600000,8,132,2,1,24113773.643299,7,108,0,1,24727511.176796,28,152,0,1,20930918.807491,30,172,0,1,21986348.469617,43,168,0,1,19891052.009655,13,172,0,1,20300633.939246,15,168,0,1,21296331.776528,80,172,0,12,23545746.569317,78,132,0,12,24360167.435193,63,140,0,12,24680589.040062,86,140,0,12,25282585.726784,20,124,2,1,23862920.463763,34,152,0,1,19530754.095969,44,132,0,1,19389410.244513,35,140,0,1,21396634.529244,33,140,0,1,22911936.217157,60,140,0,12,26017747.598985,52,124,0,1,22248648.256207,42,68,0,1,24125180.185165,24,84,0,1,24470281.984351,53,60,0,1,23514802.475842,
22,1552384633,0.800000,8,128,2,1,24113847.562422,7,68,0,1,24727641.599723,28,160,0,1,20930914.444937,30,144,0,1,21986449.672155,43,172,0,1,19891132.428984,13,180,0,1,20300641.137461,15,160,0,1,21296265.928131,80,148,0,12,23545734.397790,78,116,0,12,24360239.007261,63,140,0,12,24680534.839686,86,128,0,12,25282674.199388,20,120,2,1,23862833.422077,34,164,0,1,19530790.025967,44,128,0,1,19389361.514780,35,140,0,1,21396516.155692,33,148,0,1,22912100.816336,60,128,0,12,26017642.400347,52,120,0,1,22248620.501636,42,68,0,1,24125337.446527,5,120,0,1,24425896.570270,24,88,0,1,24470140.480535,53,60,0,1,23514659.610909,
22,1552384634,0.000000,8,132,2,1,24113921.149990,7,68,0,1,24727771.394443,28,180,0,1,20930910.379036,30,144,0,1,21986551.005570,43,180,0,1,19891212.926838,13,184,0,1,20300648.065198,15,144,0,1,21296200.664317,80,136,0,12,23545721.676582,78,132,0,12,24360309.802794,63,148,0,12,24680490.664460,86,112,0,12,25282763.500878,20,96,2,1,23862752.191313,34,160,0,1,19530826.086842,44,152,0,1,19389312.942099,35,136,0,1,21396397.633813,33,140,0,1,22912267.212887,60,148,0,12,26017539.758166,52,120,0,1,22248592.825591,42,72,0,1,24125494.463587,5,124,0,1,24426037.210300,24,92,0,1,24470000.503614,53,64,0,1,23514516.990280,
21,1552384634,0.200000,8,112,2,1,24113998.943061,7,72,0,1,24727899.540117,28,180,0,1,20930906.269510,30,148,0,1,21986653.726276,43,168,0,1,19891293.258916,13,180,0,1,20300655.158711,15,144,0,1,21296135.095124,80,148,0,12,23545709.190951,78,144,0,12,24360380.633228,63,140,0,12,24680436.882889,86,164,1,12,25282857.225997,34,148,0,1,19530862.077916,44,152,0,1,19389264.186191,35,140,0,1,21396279.260261,33,136,0,1,22912434.237646,60,156,0,12,26017432.727256,52,116,0,1,22248567.714727,42,72,0,1,24125652.039053,5,136,0,1,24426169.395699,24,92,0,1,24469860.483066,53,64,0,1,23514373.645466,
22,1552384634,0.400000,8,116,2,1,24114074.170949,7,72,0,1,24728028.348899,28,176,0,1,20930902.020382,30,172,0,1,21986753.358295,43,176,0,1,19891373.878922,13,184,0,1,20300662.365651,15,136,0,1,21296069.438679,80,164,0,12,23545697.001974,78,144,1,12,24360453.191233,63,140,0,12,24680381.626774,86,168,0,12,25282944.991867,20,124,0,1,23862585.681336,34,164,0,1,19530898.164966,44,164,0,1,19389215.569884,35,148,0,1,21396160.816909,33,124,0,1,22912602.449020,60,156,0,12,26017328.976986,52,116,0,1,22248540.885017,42,76,0,1,24125808.916510,5,120,0,1,24426300.926716,24,92,0,1,24469720.261842,53,68,0,1,23514230.544955,
22,1552384634,0.600000,8,144,2,1,24114148.386725,7,72,0,1,24728158.257045,28,176,0,1,20930898.050457,30,184,3,1,21986854.360155,43,180,0,1,19891454.429127,13,184,0,1,20300669.520240,15,156,0,1,21296004.043988,80,152,0,12,23545684.821722,78,136,0,12,24360526.883503,63,136,0,12,24680337.695851,86,164,0,12,25283035.663198,20,124,0,1,23862504.092842,34,156,0,1,19530934.243291,44,160,0,1,19389167.023379,35,144,0,1,21396042.434631,33,124,0,1,22912770.773821,60,156,0,12,26017224.659585,52,116,0,1,22248515.826505,42,76,0,1,24125966.151697,5,120,0,1,24426446.269579,24,92,0,1,24469579.107031,53,72,0,1,23514087.383369,
21,1552384634,0.800000,8,140,2,1,24114219.042657,7,72,0,1,24728289.203479,28,176,0,1,20930894.019457,30,176,2,1,21986951.130337,43,180,0,1,19891535.040408,13,160,0,1,20300676.666104,15,120,0,1,21295938.527146,80,168,0,12,23545672.990474,78,120,0,12,24360599.563660,63,104,0,12,24680282.718940,86,168,0,12,25283125.304967,20,124,0,1,23862432.040893,34,156,0,1,19530970.408868,44,152,0,1,19389118.328546,35,144,0,1,21395924.139605,33,124,0,1,22912942.693366,60,156,0,12,26017119.731425,52,116,0,1,22248492.390862,42,76,0,1,24126123.133856,24,92,0,1,24469439.758317,53,72,0,1,23513944.309034,
21,1552384635,0.000000,8,108,2,1,24114293.232258,7,72,0,1,24728418.143138,28,172,0,1,20930889.805230,30,176,2,1,21987056.547103,43,176,0,1,19891615.468461,13,180,0,1,20300683.916670,15,120,0,1,21295873.158630,80,172,0,12,23545661.255203,78,120,0,12,24360670.908875,63,108,0,12,24680234.233510,86,176,0,12,25283218.654907,34,160,0,1,19531006.556994,44,164,0,1,19389069.808216,35,144,0,1,21395805.870755,33,120,0,1,22913111.175218,60,152,0,12,26017015.108645,52,120,0,1,22248464.435613,42,76,0,1,24126280.656972,5,132,0,1,24426728.605377,24,88,0,1,24469299.502192,53,76,0,1,23513801.705854,
21,1552384635,0.200000,8,108,0,1,24114366.915802,7,76,0,1,24728548.941245,28,168,0,1,20930885.809130,30,180,2,1,21987159.320160,43,180,0,1,19891696.079742,13,172,0,1,20300691.062534,15,148,0,1,21295808.095493,80,172,0,12,23545648.952799,78,116,0,12,24360740.657395,63,108,0,12,24680183.121822,86,152,0,12,25283300.889058,34,160,0,1,19531042.670219,44,164,0,1,19389021.383861,35,152,0,1,21395687.671705,33,124,0,1,22913277.126789,60,156,0,12,26016910.189211,52,124,0,1,22248441.314075,42,76,0,1,24126438.450566,5,116,0,1,24426869.254132,24,88,0,1,24469160.685710,53,76,0,1,23513659.146301,
22,1552384635,0.400000,8,112,0,1,24114440.642972,7,76,0,1,24728677.907079,28,168,0,1,20930881.699603,30,176,2,1,21987255.444685,43,188,0,1,19891776.691023,13,144,0,1,20300698.217123,15,172,0,1,21295742.569926,80,172,0,12,23545636.990675,78,116,0,12,24360806.950772,63,152,0,12,24680140.848670,86,156,0,12,25283390.199272,20,128,0,1,23862194.054824,34,156,0,1,19531078.722369,44,152,0,1,19388972.915882,35,144,0,1,21395569.437754,33,124,0,1,22913447.091909,60,152,0,12,26016805.871809,52,120,0,1,22248415.775681,42,72,0,1,24126595.947506,5,116,0,1,24427005.645034,24,88,0,1,24469022.776639,53,76,0,1,23513515.696786,
22,1552384635,0.600000,8,132,0,1,24114508.419618,7,80,0,1,24728806.584985,28,172,0,1,20930877.598802,30,164,2,1,21987356.306943,43,176,0,1,19891857.328479,13,132,0,1,20300705.240836,15,172,0,1,21295677.035633,80,168,0,12,23545624.784248,78,116,0,12,24360886.262012,63,156,0,12,24680085.304627,86,152,0,12,25283477.363110,20,128,0,1,23862111.122664,34,160,0,1,19531114.739619,44,160,0,1,19388924.378101,35,144,0,1,21395451.264880,33,124,0,1,22913614.378422,60,132,0,12,26016697.732810,52,120,0,1,22248388.544617,42,76,0,1,24126753.104167,5,132,0,1,24427143.161475,24,88,0,1,24468882.729916,53,76,0,1,23513373.390260,
22,1552384635,0.800000,8,132,3,1,24114581.989736,7,84,0,1,24728936.030700,28,172,0,1,20930873.498001,30,176,2,1,21987460.641795,43,180,0,1,19891938.044461,13,144,0,1,20300712.587378,15,176,0,1,21295611.579866,80,168,0,12,23545612.420768,78,132,0,12,24360962.842292,63,144,0,12,24680029.106201,86,156,0,12,25283571.777513,20,108,0,1,23862028.836162,34,168,0,1,19531151.001171,44,160,0,1,19388875.910121,35,132,0,1,21395333.196707,33,124,0,1,22913780.487044,60,148,0,12,26016594.287919,52,120,0,1,22248362.090086,42,76,0,1,24126909.972899,5,132,0,1,24427282.126284,24,92,0,1,24468741.269726,53,80,0,1,23513230.150148,
22,1552384636,0.000000,8,112,0,1,24114656.441090,7,84,0,1,24729065.869045,28,164,0,1,20930869.475726,30,164,2,1,21987561.224850,43,180,0,1,19892018.742993,13,144,0,1,20300719.576190,15,176,0,1,21295546.132825,80,168,0,12,23545600.345218,78,136,0,12,24361028.210808,63,132,0,12,24679980.742922,86,156,0,12,25283662.902550,20,112,0,1,23861945.973803,34,160,0,1,19531187.140572,44,152,0,1,19388827.389791,35,144,0,1,21395215.119808,33,100,0,1,22913947.686306,60,148,0,12,26016492.832353,52,120,0,1,22248335.356353,42,76,0,1,24127067.173186,5,132,0,1,24427430.104130,24,88,0,1,24468601.615634,53,80,0,1,23513086.735533,
22,1552384636,0.200000,8,132,0,1,24114728.301086,7,88,0,1,24729196.370498,28,176,0,1,20930865.488351,30,172,2,1,21987662.008583,43,180,0,1,19892099.380449,13,164,0,1,20300726.748229,15,176,0,1,21295480.851560,80,164,0,12,23545588.435444,78,136,1,12,24361101.772201,63,144,0,12,24679933.618609,86,164,0,12,25283749.961686,20,128,0,1,23861863.233596,34,160,0,1,19531223.454475,44,152,0,1,19388779.017787,35,144,0,1,21395096.929484,33,100,0,1,22914119.326647,60,152,0,12,26016387.869293,52,136,0,1,22248309.817959,42,76,0,1,24127224.408373,5,132,0,1,24427561.888175,24,88,0,1,24468461.830664,53,84,0,1,23512943.085341,
22,1552384636,0.400000,8,128,0,1,24114799.236221,7,92,0,1,24729327.133705,28,176,0,1,20930861.596953,30,180,2,1,21987763.656101,43,176,0,1,19892180.026630,13,164,0,1,20300734.120946,15,148,0,1,21295415.282367,80,160,0,12,23545575.766586,78,148,0,12,24361174.792637,63,144,0,12,24679878.153092,86,156,0,12,25283839.167199,20,112,0,1,23861778.425538,34,160,0,1,19531259.724753,44,152,0,1,19388730.733035,35,132,0,1,21394978.870035,33,100,0,1,22914286.176904,60,152,0,12,26016273.945547,52,140,0,1,22248287.595107,42,76,0,1,24127381.931488,5,128,0,1,24427699.483142,24,88,0,1,24468321.845018,53,84,0,1,23512799.068694,
22,1552384636,0.600000,8,112,0,1,24114869.551874,7,92,0,1,24729457.670059,28,180,0,1,20930857.557227,30,176,2,1,21987865.975453,43,164,0,1,19892260.629186,13,152,0,1,20300741.327886,15,164,0,1,21295349.887676,80,164,0,12,23545563.638685,78,156,0,12,24361250.378255,63,132,0,12,24679833.009379,86,164,0,12,25283930.274786,20,128,0,1,23861692.701343,34,160,0,1,19531296.108457,44,152,0,1,19388682.108003,35,144,0,1,21394860.845488,33,96,0,1,22914458.244776,60,160,0,12,26016179.112339,52,140,0,1,22248262.615120,42,76,0,1,24127539.315002,5,128,0,1,24427838.814405,24,88,0,1,24468180.201600,53,84,0,1,23512655.758781,
22,1552384636,0.800000,8,108,0,1,24114947.109367,7,92,0,1,24729587.124499,28,172,0,1,20930853.517502,30,184,2,1,21987969.149865,43,176,0,1,19892341.205567,13,164,0,1,20300748.534826,15,168,0,1,21295284.379559,80,164,0,12,23545551.065803,78,156,0,12,24361317.613944,63,132,0,12,24679784.035343,86,164,0,12,25284021.181696,20,128,3,1,23861606.034837,34,164,0,1,19531332.274033,44,156,0,1,19388633.701099,35,144,0,1,21394742.663888,33,96,0,1,22914628.794479,60,152,0,12,26016067.081941,52,148,0,1,22248236.134415,42,72,0,1,24127696.323336,5,112,0,1,24427983.598862,24,92,0,1,24468040.076352,53,84,0,1,23512511.532731,
22,1552384637,0.000000,8,112,0,1,24115018.262629,7,88,0,1,24729717.783004,28,172,0,1,20930849.678454,30,180,2,1,21988073.109537,43,172,0,1,19892421.712146,13,152,0,1,20300755.671965,15,156,0,1,21295218.888891,80,164,0,12,23545538.431845,78,156,0,12,24361394.473428,63,132,0,12,24679738.176171,86,148,0,12,25284112.777888,20,108,0,1,23861523.600008,34,156,0,1,19531368.448334,44,148,0,1,19388585.198219,35,132,0,1,21394623.819180,33,96,0,1,22914800.356295,60,152,0,12,26015966.001554,52,148,0,1,22248209.854387,42,72,0,1,24127853.994778,5,112,0,1,24428125.181203,24,88,0,1,24467899.671900,53,88,0,1,23512367.777837,
20,1552384637,0.200000,8,132,0,1,24115092.469680,7,88,0,1,24729848.755613,28,168,0,1,20930845.621278,30,188,2,1,21988171.694542,43,172,0,1,19892502.271076,13,152,0,1,20300762.939981,15,156,0,1,21295153.476750,80,164,0,12,23545526.460996,78,156,0,12,24361463.148760,63,116,0,12,24679691.802217,86,148,0,12,25284200.412882,34,156,0,1,19531404.674986,44,148,0,1,19388536.747689,35,144,0,1,21394505.279851,33,100,0,1,22914969.169702,60,156,0,12,26015857.565901,52,148,0,1,22248187.622809,42,72,0,1,24128010.976937,24,88,0,1,24467760.009082,53,84,0,1,23512224.110195,
21,1552384637,0.400000,8,140,3,1,24115164.652506,7,88,0,1,24729977.573121,28,180,0,1,20930841.520477,30,184,2,1,21988272.574251,43,176,0,1,19892582.655504,13,152,0,1,20300770.286523,15,132,0,1,21295088.055884,80,156,0,12,23545514.647198,78,156,0,12,24361538.001469,63,144,0,12,24679639.643516,86,160,0,12,25284288.353254,34,156,0,1,19531440.910363,44,148,0,1,19388488.323335,35,132,0,1,21394385.841836,33,100,0,1,22915136.988446,60,160,0,12,26015751.067223,52,148,0,1,22248161.133379,51,96,0,1,23620489.353128,42,68,0,1,24128168.264475,24,88,0,1,24467620.895946,53,84,0,1,23512081.105660,
22,1552384637,0.600000,8,128,3,1,24115236.163498,7,88,0,1,24730107.673219,28,176,0,1,20930837.585453,30,184,2,1,21988373.689538,43,176,0,1,19892662.952681,13,160,0,1,20300777.685415,15,152,0,1,21295023.114899,80,156,0,12,23545502.432046,78,156,0,12,24361609.713139,63,160,1,12,24679587.458640,86,144,0,12,25284377.061436,20,112,0,1,23861284.523300,34,148,0,1,19531477.032314,44,156,0,1,19388439.898981,35,132,0,1,21394268.227368,33,104,0,1,22915308.393209,60,160,0,12,26015655.980986,52,156,0,1,22248137.313832,51,96,0,1,23620603.913807,42,68,0,1,24128325.281534,24,92,0,1,24467480.561295,53,80,0,1,23511938.423955,
22,1552384637,0.800000,8,152,2,1,24115311.138359,7,88,0,1,24730237.101484,28,176,0,1,20930833.781306,30,180,2,1,21988476.026340,43,176,0,1,19892743.485436,13,152,0,1,20300785.005781,15,128,0,1,21294958.278615,80,164,0,12,23545490.356495,78,148,0,12,24361680.020066,63,160,0,12,24679535.038186,86,144,0,12,25284469.774443,20,128,0,1,23861203.781142,34,156,0,1,19531513.354942,44,156,0,1,19388391.579328,35,132,0,1,21394149.879992,33,104,0,1,22915478.524107,60,156,0,12,26015540.608872,52,156,0,1,22248109.925715,51,96,0,1,23620718.867116,42,68,0,1,24128482.787199,24,92,0,1,24467339.563536,53,80,0,1,23511796.466433,
22,1552384638,0.000000,8,116,2,1,24115385.301784,7,88,0,1,24730366.896204,28,168,0,1,20930829.750305,30,176,2,1,21988577.246328,43,176,0,1,19892824.096717,13,152,0,1,20300792.116745,15,128,0,1,21294891.871811,80,164,0,12,23545478.176243,78,140,0,12,24361751.391457,63,136,0,12,24679490.208576,86,136,0,12,25284557.339636,20,128,3,1,23861121.625517,34,152,0,1,19531549.729921,44,164,0,1,19388343.312025,35,116,0,1,21394032.946082,33,104,0,1,22915649.187237,60,160,0,12,26015441.709762,52,156,0,1,22248083.951066,51,96,0,1,23620833.977478,42,68,0,1,24128640.004936,24,92,0,1,24467198.984582,53,80,0,1,23511653.130345,
22,1552384638,0.200000,8,132,3,1,24115456.943653,7,88,0,1,24730497.668135,28,172,0,1,20930825.919982,30,180,2,1,21988678.736794,43,180,0,1,19892904.830149,13,144,0,1,20300799.489462,15,156,0,1,21294823.938113,80,156,0,12,23545465.995991,78,140,0,12,24361823.312529,63,152,0,12,24679434.725609,86,156,0,12,25284642.819527,20,124,2,1,23861039.382641,34,156,0,1,19531586.061275,44,156,0,1,19388294.861496,35,116,0,1,21393915.488667,33,100,0,1,22915816.238171,60,156,0,12,26015338.893080,52,156,0,1,22248059.005980,51,100,0,1,23620949.157640,42,64,0,1,24128797.432075,5,116,0,1,24428977.571989,24,92,0,1,24467057.663994,1,1552384638,0.200000,53,76,0,1,23511509.925133,
22,1552384638,0.400000,8,148,2,1,24115529.554009,7,88,0,1,24730627.942736,28,176,0,1,20930822.063484,30,176,2,1,21988780.680966,43,172,0,1,19892985.266928,13,160,0,1,20300806.836004,15,176,0,1,21294763.333507,80,156,0,12,23545453.815739,78,140,0,12,24361897.004799,63,152,0,12,24679390.803411,86,156,0,12,25284734.965402,20,124,2,1,23860957.410243,34,152,0,1,19531622.331552,44,164,0,1,19388246.576743,35,132,1,1,21393794.733160,33,104,0,1,22915984.196517,60,156,0,12,26015234.549503,52,148,0,1,22248032.350772,51,100,0,1,23621064.381428,42,68,0,1,24128954.867940,5,116,0,1,24429117.461660,24,96,0,1,24466918.393806,1,1552384638,0.400000,53,76,0,1,23511367.383029,
22,1552384638,0.600000,8,136,2,1,24115603.595283,7,88,0,1,24730757.484427,28,168,0,1,20930817.919058,30,172,2,1,21988880.888841,43,172,0,1,19893066.096337,13,152,0,1,20300814.261071,15,168,0,1,21294697.895191,80,156,0,12,23545441.635487,78,140,0,12,24361972.127986,63,160,0,12,24679337.885626,86,148,0,12,25284826.055539,20,124,2,1,23860876.432508,34,156,0,1,19531658.662905,44,164,0,1,19388198.361792,35,132,0,1,21393678.095905,33,108,0,1,22916151.247451,60,156,0,12,26015129.900547,52,156,0,1,22248006.524450,42,68,0,1,24129112.303804,5,120,0,1,24429254.149215,24,96,0,1,24466779.036367,53,84,0,1,23511224.736225,
22,1552384638,0.800000,8,136,0,1,24115677.147951,7,92,0,1,24730887.907355,28,168,0,1,20930814.018934,30,164,2,1,21988981.716200,43,172,0,1,19893146.768693,13,152,0,1,20300821.546537,15,164,0,1,21294631.427311,80,156,0,12,23545429.437785,78,148,0,12,24362044.624916,63,152,0,12,24679286.442384,86,136,0,12,25284913.367703,20,128,2,1,23860793.997679,34,152,0,1,19531695.055335,44,164,0,1,19388150.059589,35,132,0,1,21393559.094145,33,108,0,1,22916319.502451,60,148,0,12,26015022.895812,52,156,0,1,22247983.315660,42,68,0,1,24129269.565167,5,120,0,1,24429396.071836,24,96,0,1,24466639.888331,53,84,0,1,23511081.033681,
22,1552384639,0.000000,8,136,0,1,24115746.311889,7,92,0,1,24731017.405421,28,168,0,1,20930809.891957,30,168,2,1,21989080.711285,43,172,0,1,19893227.318898,13,136,0,1,20300828.744752,15,120,0,1,21294567.594415,80,156,0,12,23545417.161557,78,148,0,12,24362118.997744,63,160,0,12,24679239.178469,86,148,0,12,25285003.881982,20,108,0,1,23860713.997156,34,156,0,1,19531731.395413,44,160,0,1,19388101.678860,35,112,0,1,21393441.689080,33,108,0,1,22916497.006066,60,156,0,12,26014926.160530,52,156,0,1,22247956.660453,42,68,0,1,24129426.486250,5,124,3,1,24429532.070108,24,96,0,1,24466499.885234,53,88,0,1,23510937.217712,
22,1552384639,0.200000,8,148,0,1,24115820.937745,7,88,0,1,24731147.653846,28,172,0,1,20930806.026734,30,176,2,1,21989183.894422,43,172,0,1,19893307.999980,13,148,0,1,20300836.187270,15,120,0,1,21294502.644704,80,160,0,12,23545405.007480,78,148,0,12,24362190.718139,63,152,0,12,24679188.188933,86,148,0,12,25285092.389487,20,108,0,1,23860633.071771,34,160,0,1,19531767.744217,44,160,0,1,19388053.341757,35,112,0,1,21393324.397441,33,104,0,1,22916664.920786,60,160,0,12,26014820.482011,52,156,0,1,22247933.216085,42,64,0,1,24129583.459683,5,124,2,1,24429669.804677,24,100,0,1,24466359.943213,53,84,0,1,23510793.506444,
22,1552384639,0.400000,8,136,2,1,24115893.382324,7,88,0,1,24731277.483466,28,168,0,1,20930802.065535,30,164,2,1,21989283.264687,43,172,0,1,19893388.715962,13,152,0,1,20300843.437835,15,120,0,1,21294439.152087,80,160,0,12,23545392.966830,78,148,0,12,24362262.935865,63,152,0,12,24679137.181946,86,148,0,12,25285182.319184,20,108,0,1,23860551.640330,34,160,0,1,19531804.110470,44,156,0,1,19388005.144256,35,112,0,1,21393205.683610,33,104,0,1,22916833.516064,60,156,0,12,26014715.850505,52,156,0,1,22247909.780443,42,68,0,1,24129740.354591,5,128,2,1,24429814.763635,24,100,0,1,24466218.299795,53,92,0,1,23510649.786450,
22,1552384639,0.600000,8,120,2,1,24115970.076031,7,88,0,1,24731408.272848,28,172,0,1,20930798.182861,30,180,2,1,21989386.247147,43,172,0,1,19893469.405769,13,144,0,1,20300851.037405,15,136,0,1,21294372.684208,80,160,0,12,23545380.551000,78,148,0,12,24362336.950963,63,152,0,12,24679090.127434,86,148,0,12,25285271.001191,20,108,0,1,23860468.324266,34,160,0,1,19531840.494174,44,156,0,1,19387956.842053,35,140,0,1,21393088.453047,33,104,0,1,22917005.008079,60,164,0,12,26014610.154537,52,156,0,1,22247884.878982,42,68,0,1,24129897.450176,5,128,0,1,24429959.312514,24,100,0,1,24466078.680603,53,96,0,1,23510506.136258,
22,1552384639,0.800000,8,120,0,1,24116038.637936,7,84,0,1,24731539.175656,28,176,0,1,20930794.404889,30,180,2,1,21989487.964466,43,176,0,1,19893550.287528,13,152,0,1,20300858.593350,15,152,3,1,21294308.188203,80,152,0,12,23545368.239871,78,144,0,12,24362407.545819,63,152,0,12,24679035.377376,86,148,0,12,25285360.573158,20,108,0,1,23860389.396931,34,152,0,1,19531876.947679,44,156,0,1,19387908.487500,35,128,0,1,21392969.669415,33,104,0,1,22917173.254354,60,148,0,12,26014503.027650,52,156,0,1,22247858.764731,42,68,0,1,24130054.763889,5,128,0,1,24430100.528401,24,100,0,1,24465938.843283,53,100,0,1,23510363.463278,
22,1552384640,0.000000,8,136,0,1,24116114.075228,7,84,0,1,24731669.999939,28,172,0,1,20930790.679268,30,176,2,1,21989590.179117,43,176,0,1,19893631.047136,13,144,0,1,20300865.922441,15,144,2,1,21294242.078053,80,160,0,12,23545356.207946,78,144,0,12,24362480.444104,63,140,0,12,24678986.874496,86,148,0,12,25285449.019587,20,108,0,1,23860308.122542,34,160,0,1,19531913.357559,44,164,0,1,19387860.324899,35,124,0,1,21392851.313313,33,104,0,1,22917339.197199,60,156,0,12,26014401.877463,52,156,0,1,22247832.345101,42,68,0,1,24130212.321905,5,136,0,1,24430240.121418,24,96,0,1,24465800.218753,53,100,0,1,23510220.737947,
22,1552384640,0.200000,8,116,0,1,24116190.795110,7,88,0,1,24731799.061749,28,168,0,1,20930786.744244,30,176,2,1,21989692.166914,43,176,0,1,19893711.684592,13,136,0,1,20300873.295158,15,164,2,1,21294168.987816,93,168,3,1,39385345.597278,80,160,0,12,23545343.739766,78,144,0,12,24362552.609479,63,112,0,12,24678935.815159,86,136,0,12,25285536.192150,20,108,0,1,23860227.214607,34,160,0,1,19531949.776163,44,156,0,1,19387812.136123,35,108,3,1,21392735.723071,33,104,0,1,22917511.457024,60,156,0,12,26014299.715163,52,156,0,1,22247807.783920,42,68,0,1,24130369.321514,5,124,0,1,24430380.185591,24,96,0,1,24465661.794901,1,1552384640,0.200000,53,100,0,1,23510078.352895,
22,1552384640,0.400000,8,132,0,1,24116260.500005,7,88,0,1,24731928.943720,28,168,0,1,20930783.009897,30,172,2,1,21989793.055348,43,176,0,1,19893792.461650,13,148,0,1,20300880.606799,15,164,2,1,21294108.636238,93,168,2,1,39385347.115447,80,160,0,12,23545331.690390,78,144,0,12,24362622.183497,63,128,0,12,24678891.386904,86,136,0,12,25285626.942007,20,108,0,1,23860149.351736,34,160,0,1,19531986.299469,44,156,0,1,19387763.964797,35,128,2,1,21392620.141554,33,104,0,1,22917679.336843,60,164,0,12,26014196.470950,52,148,0,1,22247782.262977,42,68,0,1,24130526.687578,5,124,0,1,24430518.783945,24,96,0,1,24465522.245510,1,1552384640,0.400000,53,96,0,1,23509936.247047,
22,1552384640,0.600000,8,116,0,1,24116331.470040,7,88,0,1,24732059.209595,28,164,0,1,20930779.092323,30,164,2,1,21989893.603503,43,176,0,1,19893873.308509,13,156,0,1,20300888.119118,15,160,2,1,21294046.103383,93,168,2,1,39385346.897319,80,164,0,12,23545319.832967,78,152,0,12,24362695.073057,63,140,0,12,24678842.264542,86,140,0,12,25285712.203771,20,108,0,1,23860068.138422,34,160,0,1,19532022.787874,44,156,0,1,19387715.802196,35,128,2,1,21392499.621625,33,100,0,1,22917849.502642,60,152,0,12,26014090.120598,52,152,0,1,22247755.651394,51,100,0,1,23622329.626915,42,68,0,1,24130683.791888,5,124,0,1,24430660.348836,2,1552384640,0.600000,24,100,0,1,24465381.561855,53,96,0,1,23509793.216337,
22,1552384640,0.800000,8,132,0,1,24116408.242273,7,88,0,1,24732188.917063,28,168,0,1,20930775.122399,30,176,2,1,21989995.730902,43,180,0,1,19893954.286244,13,148,0,1,20300895.456934,15,132,2,1,21293973.754780,93,168,2,1,39385346.478514,80,164,0,12,23545307.617815,78,152,0,12,24362768.521023,63,140,0,12,24678794.634172,86,148,0,12,25285807.010804,20,128,3,1,23859984.708931,34,156,0,1,19532059.180303,44,156,0,1,19387667.604694,35,124,2,1,21392379.764804,33,100,0,1,22918015.532738,60,160,0,12,26013985.646144,52,152,0,1,22247731.212365,51,100,0,1,23622445.714489,42,68,0,1,24130841.210302,5,120,0,1,24430806.250107,2,1552384640,0.800000,24,96,0,1,24465243.338680,53,92,0,1,23509650.552082,
22,1552384641,0.000000,8,116,0,1,24116481.123108,7,92,0,1,24732318.982261,28,168,0,1,20930771.527654,30,172,2,1,21990096.915990,43,172,0,1,19894035.211629,13,148,0,1,20300902.628974,15,128,2,1,21293910.881645,93,168,2,1,39385346.783893,80,164,0,12,23545295.769117,78,152,0,12,24362839.290381,63,152,0,12,24678747.422608,86,140,0,12,25285888.189217,20,132,2,1,23859898.871310,34,156,0,1,19532095.598907,44,164,0,1,19387619.538069,35,124,2,1,21392262.289939,33,104,0,1,22918185.707262,60,160,0,12,26013882.611333,52,152,0,1,22247706.607557,42,68,0,1,24130998.698517,5,120,0,1,24430951.889624,24,96,0,1,24465103.640962,1,1552384641,0.000000,53,92,0,1,23509507.617349,
22,1552384641,0.200000,8,116,0,1,24116557.816815,7,88,0,1,24732448.733355,28,172,0,1,20930767.819482,30,160,2,1,21990198.389006,43,172,0,1,19894115.866535,13,156,0,1,20300909.966791,15,148,2,1,21293843.043924,93,168,2,1,39385346.234211,80,168,0,12,23545283.841893,78,152,0,12,24362913.663209,63,128,0,12,24678693.431634,86,152,0,12,25285977.909511,20,116,0,1,23859817.631821,34,160,0,1,19532132.000062,44,156,0,1,19387571.279492,35,140,2,1,21392145.251328,33,100,0,1,22918355.567681,60,152,0,12,26013778.695287,52,156,0,1,22247681.662471,42,64,0,1,24131155.750477,5,96,0,1,24431093.934397,24,96,0,1,24464964.955356,1,1552384641,0.200000,53,96,0,1,23509364.970544,
22,1552384641,0.400000,8,116,0,1,24116631.814463,7,92,0,1,24732578.257597,28,172,0,1,20930764.006610,30,180,2,1,21990300.542581,43,180,0,1,19894196.669769,13,148,0,1,20300917.409308,15,140,2,1,21293781.566807,93,172,2,1,39385346.242936,80,164,0,12,23545271.705267,78,152,0,12,24362986.395717,63,128,0,12,24678647.040231,86,148,0,12,25286067.603630,20,132,0,1,23859738.233331,34,160,0,1,19532168.471017,44,156,0,1,19387523.020915,35,140,2,1,21392026.703274,33,100,0,1,22918523.360250,60,160,0,12,26013673.426848,52,148,0,1,22247655.548220,42,64,0,1,24131312.976939,5,100,0,1,24431230.726654,24,92,0,1,24464826.740907,1,1552384641,0.400000,53,96,0,1,23509222.480791,
22,1552384641,0.600000,8,132,0,1,24116703.752986,7,92,0,1,24732708.261719,28,172,0,1,20930760.237363,30,168,2,1,21990402.033047,43,180,0,1,19894277.621329,13,148,0,1,20300924.773300,15,140,2,1,21293714.749923,93,172,2,1,39385346.155685,80,164,0,12,23545259.559915,78,152,0,12,24363057.767107,63,140,0,12,24678606.494650,86,148,0,12,25286158.135360,20,132,0,1,23859654.856190,34,160,0,1,19532205.003048,44,156,0,1,19387474.779788,35,140,2,1,21391909.621038,33,100,0,1,22918691.074293,60,164,0,12,26013569.257773,52,148,0,1,22247631.999152,42,64,0,1,24131470.011448,5,120,0,1,24431373.059355,24,96,0,1,24464687.566695,1,1552384641,0.600000,53,100,0,1,23509078.699722,
22,1552384641,0.800000,8,144,0,1,24116778.247965,7,92,0,1,24732837.820860,28,172,0,1,20930756.529192,30,176,2,1,21990503.977219,43,176,0,1,19894358.424562,13,152,0,1,20300932.311794,15,152,2,1,21293650.637823,93,172,2,1,39385345.998633,80,164,0,12,23545247.397114,78,152,0,12,24363128.396864,63,148,0,12,24678547.495463,86,148,0,12,25286245.831429,20,112,0,1,23859575.318098,34,160,0,1,19532241.465278,44,156,0,1,19387426.433960,35,136,2,1,21391792.285774,33,100,0,1,22918861.117939,60,156,0,12,26013465.018898,52,148,0,1,22247607.333269,42,64,0,1,24131627.063408,5,100,0,1,24431515.051776,24,96,0,1,24464548.139455,1,1552384641,0.800000,53,100,0,1,23508934.971003,
22,1552384642,0.000000,8,132,0,1,24116856.835021,7,92,0,1,24732968.235063,28,176,0,1,20930752.611618,30,180,2,1,21990605.328084,43,172,0,1,19894439.149269,13,152,0,1,20300939.667061,15,108,0,1,21293580.758426,93,168,2,1,39385345.754330,80,160,0,12,23545235.016184,78,152,0,12,24363202.141484,63,152,0,12,24678495.136085,86,148,0,12,25286339.486748,20,112,0,1,23859492.891994,34,160,0,1,19532277.944958,44,156,0,1,19387378.314984,35,136,2,1,21391673.240389,33,100,0,1,22919028.805807,60,156,0,12,26013364.051938,52,148,0,1,22247583.592248,42,60,0,1,24131784.141543,5,120,0,1,24431656.180412,24,100,0,1,24464407.237672,1,1552384642,0.000000,53,100,0,1,23508792.734279,
22,1552384642,0.200000,8,112,0,1,24116932.726018,7,92,0,1,24733098.727791,28,168,0,1,20930748.947072,30,168,2,1,21990706.940701,43,180,0,1,19894520.074654,13,152,0,1,20300946.978702,15,112,0,1,21293515.791266,93,168,2,1,39385345.335524,80,164,0,12,23545222.966809,78,152,0,12,24363275.135745,63,140,0,12,24678444.896908,86,148,0,12,25286426.694211,20,112,0,1,23859411.033023,34,160,0,1,19532314.503164,44,156,0,1,19387330.108758,35,136,2,1,21391556.472257,33,104,0,1,22919198.072919,60,160,0,12,26013259.847963,52,148,0,1,22247557.827001,42,56,0,1,24131941.080076,5,120,0,1,24431799.560126,24,100,0,1,24464266.649993,1,1552384642,0.200000,53,96,0,1,23508650.610980,
22,1552384642,0.400000,8,112,0,1,24117002.797367,7,92,0,1,24733230.127930,28,168,0,1,20930745.195275,30,168,2,1,21990808.090889,43,180,0,1,19894600.860437,13,156,0,1,20300954.464846,15,164,0,1,21293454.872556,93,168,2,1,39385345.108672,80,164,0,12,23545210.603329,78,156,0,12,24363346.384984,63,108,0,12,24678403.147262,86,148,0,12,25286524.755710,20,108,0,1,23859333.859435,34,156,0,1,19532351.026470,44,156,0,1,19387281.797830,35,124,2,1,21391439.922252,33,104,0,1,22919367.837362,60,160,0,12,26013153.986217,52,148,0,1,22247532.393309,42,56,0,1,24132098.097135,5,120,0,1,24431942.486135,24,100,0,1,24464127.205303,1,1552384642,0.400000,53,96,0,1,23508507.344693,
22,1552384642,0.600000,8,132,0,1,24117078.810515,7,88,0,1,24733360.472332,28,168,0,1,20930741.408578,30,168,2,1,21990909.642431,43,180,0,1,19894681.681121,13,156,0,1,20300961.924814,15,172,3,1,21293392.409501,93,164,2,1,39385344.969070,80,164,0,12,23545198.457978,78,152,0,12,24363417.730199,63,104,0,12,24678356.380679,86,156,0,12,25286605.602568,20,108,0,1,23859255.106602,34,152,0,1,19532387.671927,44,152,0,1,19387233.547978,35,120,0,1,21391322.709140,33,100,0,1,22919535.664831,60,156,0,12,26013048.298973,52,148,0,1,22247505.999854,42,52,0,1,24132255.096744,5,120,0,1,24432079.548870,24,100,0,1,24463987.010254,1,1552384642,0.600000,53,92,0,1,23508363.895178,
22,1552384642,0.800000,8,132,3,1,24117151.159118,7,88,0,1,24733492.204026,28,172,0,1,20930737.656781,30,156,2,1,21991010.940945,43,176,0,1,19894762.510529,13,156,0,1,20300969.262630,15,168,2,1,21293325.252338,93,164,2,1,39385344.864369,80,164,0,12,23545186.295176,78,156,0,12,24363490.192228,63,104,0,12,24678303.035363,86,148,0,12,25286694.240949,20,108,0,1,23859172.410021,34,160,0,1,19532424.012005,44,160,0,1,19387185.402827,35,124,0,1,21391205.452402,33,100,0,1,22919705.551426,60,160,0,12,26012945.142011,52,156,0,1,22247480.932617,42,52,0,1,24132413.082291,5,120,0,1,24432217.632443,24,104,0,1,24463846.527276,1,1552384642,0.800000,53,92,0,1,23508221.361799,
22,1552384643,0.000000,8,132,2,1,24117219.424370,7,84,0,1,24733621.562490,28,168,0,1,20930733.590880,30,168,2,1,21991112.379060,43,176,0,1,19894843.313762,13,156,0,1,20300976.774949,15,152,2,1,21293257.432067,93,164,2,1,39385344.785843,80,164,0,12,23545173.739745,78,156,0,12,24363563.631470,63,128,0,12,24678256.137903,86,148,0,12,25286784.222997,20,104,0,1,23859088.544274,34,160,0,1,19532460.430610,44,156,0,1,19387137.056999,35,120,0,1,21391086.502992,33,96,0,1,22919873.405070,60,160,0,12,26012841.156163,52,156,0,1,22247455.961355,42,52,0,1,24132570.902060,5,132,0,1,24432356.422750,24,124,0,1,24463702.152899,1,1552384643,0.000000,53,92,0,1,23508078.322364,
22,1552384643,0.200000,8,116,2,1,24117295.830148,7,84,0,1,24733750.301471,28,172,0,1,20930729.847809,30,160,2,1,21991213.695025,43,176,0,1,19894924.012294,13,144,0,1,20300984.226192,15,144,2,1,21293191.950125,93,168,3,1,39385344.768392,80,156,0,12,23545161.603118,78,156,0,12,24363636.329077,63,140,0,12,24678203.228843,86,148,0,12,25286869.990817,20,104,0,1,23859008.500125,34,156,0,1,19532496.953915,44,152,0,1,19387088.903123,35,96,0,1,21390969.289880,33,96,0,1,22920042.602382,60,160,0,12,26012736.542108,52,156,0,1,22247430.353160,42,52,0,1,24132728.486251,5,132,0,1,24432493.939191,24,124,3,1,24463558.581233,1,1552384643,0.200000,53,92,0,1,23507935.544683,
22,1552384643,0.400000,8,124,0,1,24117369.548593,7,84,0,1,24733879.738461,28,172,0,1,20930725.904059,30,144,2,1,21991315.019714,43,172,0,1,19895004.841703,13,144,0,1,20300991.808312,15,132,2,1,21293128.448782,93,160,2,1,39385344.620066,80,156,0,12,23545149.571193,78,156,0,12,24363708.634054,63,140,1,12,24678149.455997,86,148,0,12,25286959.484259,20,124,0,1,23858924.267924,34,156,0,1,19532533.547022,44,156,0,1,19387040.871399,35,100,0,1,21390853.394259,33,96,0,1,22920210.918457,60,160,0,12,26012632.748213,52,152,0,1,22247404.928193,51,120,0,1,23623942.463290,42,48,0,1,24132885.965741,5,132,0,1,24432639.945162,2,1552384643,0.400000,24,120,0,1,24463415.690125,53,88,0,1,23507792.234770,
22,1552384643,0.600000,8,136,0,1,24117443.973772,7,84,0,1,24734009.707683,28,168,0,1,20930721.986486,30,152,2,1,21991416.318228,43,180,0,1,19895085.514059,13,144,0,1,20300999.093778,15,132,2,1,21293058.421059,93,152,2,1,39385344.646241,80,160,0,12,23545137.225164,78,148,0,12,24363780.982657,63,140,0,12,24678104.225032,86,148,0,12,25287051.028101,20,124,0,1,23858840.847158,34,156,0,1,19532570.009252,44,156,0,1,19386992.647722,35,124,0,1,21390734.715328,33,96,0,1,22920380.011067,60,160,0,12,26012528.308660,52,148,0,1,22247379.808605,51,120,0,1,23624057.669627,42,52,0,1,24133043.462681,5,116,0,1,24432775.934709,2,1552384643,0.600000,24,120,0,1,24463273.610452,53,84,0,1,23507649.858443,
22,1552384643,0.800000,8,116,0,1,24117520.615128,7,84,0,1,24734140.052084,28,164,0,1,20930718.173613,30,136,2,1,21991517.564391,43,172,0,1,19895166.326018,13,152,0,1,20301006.736973,15,136,2,1,21292993.026368,93,160,2,1,39385344.611340,80,164,0,12,23545125.271765,78,136,0,12,24363853.086956,63,128,0,12,24678051.298522,86,148,0,12,25287139.657757,20,100,0,1,23858761.361417,34,164,0,1,19532606.759411,44,156,0,1,19386944.554922,35,124,0,1,21390616.926358,33,96,0,1,22920549.557382,60,164,0,12,26012423.860381,52,148,0,1,22247354.872244,51,96,0,1,23624173.120268,42,48,0,1,24133200.985797,5,148,3,1,24432915.414300,2,1552384643,0.800000,24,116,0,1,24463132.761020,53,84,0,1,23507506.723032,
22,1552384644,0.000000,8,116,0,1,24117591.724765,7,88,0,1,24734271.024694,28,164,0,1,20930714.352015,30,120,0,1,21991619.752866,43,172,0,1,19895247.260128,13,160,0,1,20301014.188216,15,136,2,1,21292927.605501,93,164,2,1,39385344.410663,80,164,0,12,23545113.100238,78,144,0,12,24363925.557711,63,140,0,12,24678002.054008,86,148,0,12,25287231.829807,20,124,0,1,23858684.196554,34,164,0,1,19532643.378693,44,164,0,1,19386896.374871,35,124,3,1,21390498.980336,33,92,0,1,22920718.728518,60,164,0,12,26012319.351027,52,148,0,1,22247329.988233,51,96,0,1,23624288.230629,42,52,0,1,24133357.802179,5,156,2,1,24433055.766401,2,1552384644,0.000000,24,92,0,1,24462994.023063,53,84,0,1,23507363.631247,
22,1552384644,0.200000,8,116,0,1,24117664.998230,7,88,0,1,24734402.014753,28,164,0,1,20930710.617669,30,148,0,1,21991720.850703,43,176,0,1,19895328.194238,13,160,0,1,20301021.805236,15,120,2,1,21292860.570490,93,152,2,1,39385344.314687,80,164,0,12,23545101.190464,78,132,0,12,24363997.513683,63,140,0,12,24677949.781880,86,148,0,12,25287318.906394,20,124,0,1,23858601.866426,34,160,0,1,19532679.901998,44,164,0,1,19386848.247170,35,124,3,1,21390381.418220,33,92,0,1,22920888.213758,60,164,0,12,26012215.155777,52,136,0,1,22247304.868645,42,56,0,1,24133514.566210,5,144,2,1,24433193.928500,24,92,0,1,24462854.124668,1,1552384644,0.200000,53,80,0,1,23507220.932091,
22,1552384644,0.400000,8,140,0,1,24117740.767075,7,88,0,1,24734532.699434,28,168,0,1,20930706.935673,30,148,0,1,21991816.591322,43,172,0,1,19895409.180698,13,152,0,1,20301029.343730,15,160,2,1,21292802.208237,93,152,2,1,39385344.236161,80,164,0,12,23545089.359217,78,132,0,12,24364069.731410,63,128,0,12,24677907.674505,86,148,0,12,25287411.706652,20,104,3,1,23858520.155782,34,164,0,1,19532716.477655,44,160,0,1,19386799.979868,35,104,2,1,21390264.859490,33,88,0,1,22921056.878838,60,160,0,12,26012110.733674,52,136,0,1,22247279.827582,42,56,0,1,24133671.958449,5,136,2,1,24433335.824945,24,96,0,1,24462713.885993,1,1552384644,0.400000,53,80,0,1,23507078.547039,
22,1552384644,0.600000,8,124,0,1,24117810.829699,7,92,0,1,24734662.180049,28,164,0,1,20930703.210051,30,136,0,1,21991920.053663,43,172,0,1,19895489.861780,13,144,0,1,20301036.821148,15,180,2,1,21292739.544505,93,152,2,1,39385344.183810,80,164,0,12,23545077.109164,78,144,0,12,24364141.957861,63,108,0,12,24677856.911822,86,152,0,12,25287504.088104,20,108,0,1,23858437.092745,34,160,0,1,19532753.184188,44,160,0,1,19386751.834717,35,108,0,1,21390146.433587,33,88,0,1,22921226.617106,60,152,0,12,26012006.547149,52,136,0,1,22247254.786520,42,60,0,1,24133829.324512,5,120,2,1,24433477.215335,24,96,0,1,24462577.556167,1,1552384644,0.600000,53,80,0,1,23506935.385453,
22,1552384644,0.800000,8,148,0,1,24117885.551532,7,92,0,1,24734791.023732,28,164,0,1,20930699.545506,30,156,0,1,21992020.497117,43,176,0,1,19895570.682463,13,144,0,1,20301044.036813,15,188,2,1,21292677.465355,93,144,2,1,39385344.018033,80,164,0,12,23545065.269191,78,144,0,12,24364214.454790,63,128,0,12,24677806.358541,86,152,0,12,25287595.911150,20,108,0,1,23858357.057322,34,160,0,1,19532789.716219,44,156,0,1,19386703.619766,35,112,2,1,21390030.241313,33,92,0,1,22921395.823142,60,152,0,12,26011902.011620,52,136,0,1,22247229.762908,42,60,0,1,24133986.899978,5,120,2,1,24433616.546598,24,96,0,1,24462440.188053,1,1552384644,0.800000,53,80,0,1,23506792.703748,
22,1552384645,0.000000,8,140,3,1,24117957.961210,7,92,0,1,24734920.818451,28,168,0,1,20930695.723908,30,160,0,1,21992126.132010,43,176,0,1,19895651.660199,13,152,0,1,20301051.505507,15,180,2,1,21292610.718272,93,152,2,1,39385343.939507,80,160,0,12,23545053.010413,78,152,0,12,24364286.794668,63,140,1,12,24677753.510556,86,152,0,12,25287681.338691,20,108,0,1,23858273.662731,34,168,0,1,19532826.152273,44,156,0,1,19386655.177961,35,128,2,1,21389912.469793,33,100,0,1,22921564.811050,60,152,0,12,26011798.086848,52,136,0,1,22247204.791646,42,56,0,1,24134144.440544,5,120,2,1,24433762.098864,24,100,0,1,24462298.108380,1,1552384645,0.000000,53,84,0,1,23506649.262958,
22,1552384645,0.200000,8,140,2,1,24118032.377664,7,88,0,1,24735050.560820,28,164,0,1,20930691.937211,30,160,0,1,21992228.774191,43,176,0,1,19895732.463432,13,148,0,1,20301058.913124,15,180,2,1,21292545.724936,93,152,2,1,39385343.817356,80,164,0,12,23545040.612033,78,144,0,12,24364358.741916,63,140,0,12,24677695.732885,86,160,0,12,25287771.765719,20,108,0,1,23858194.412567,34,160,0,1,19532862.605778,44,156,0,1,19386606.858308,35,128,2,1,21389796.827200,33,100,0,1,22921734.374816,60,152,0,12,26011693.307016,52,140,0,1,22247179.846560,42,60,0,1,24134302.120712,5,136,2,1,24433906.743719,24,100,0,1,24462162.284610,1,1552384645,0.200000,53,84,0,1,23506506.563802,
22,1552384645,0.400000,8,148,2,1,24118105.380650,7,88,0,1,24735180.477691,28,164,0,1,20930688.045812,30,164,0,1,21992327.184693,43,180,0,1,19895813.214315,13,148,0,1,20301066.250941,15,184,2,1,21292482.214869,93,152,2,1,39385343.669029,80,160,0,12,23545028.335805,78,144,0,12,24364431.099244,63,140,0,12,24677648.137417,86,152,0,12,25287861.110834,20,108,0,1,23858113.059652,34,160,0,1,19532899.259960,44,156,0,1,19386558.678257,35,128,2,1,21389678.793927,33,100,0,1,22921903.380175,60,152,0,12,26011588.963439,52,136,0,1,22247154.875298,42,60,0,1,24134459.233747,5,120,0,1,24434048.011957,24,96,0,1,24462022.866096,1,1552384645,0.400000,53,80,0,1,23506363.611619,
22,1552384645,0.600000,8,128,2,1,24118178.043356,7,84,0,1,24735310.874444,28,164,0,1,20930684.355091,30,152,0,1,21992428.160378,43,172,0,1,19895893.973922,13,156,0,1,20301073.684733,15,184,2,1,21292415.267109,93,152,2,1,39385343.529427,80,156,0,12,23545016.399856,78,144,0,12,24364503.439121,63,140,0,12,24677598.011666,86,152,0,12,25287951.258659,20,108,0,1,23858029.254981,34,160,0,1,19532935.713465,44,156,0,1,19386510.568007,35,128,2,1,21389560.280774,33,100,0,1,22922072.656012,60,144,0,12,26011484.297033,52,140,0,1,22247129.982563,42,56,0,1,24134616.512559,5,124,0,1,24434190.423184,24,96,0,1,24461881.920687,1,1552384645,0.600000,53,80,0,1,23506220.092303,
22,1552384645,0.800000,8,152,2,1,24118251.508773,7,88,0,1,24735440.573187,28,168,0,1,20930680.472418,30,144,3,1,21992527.364866,43,172,0,1,19895974.812056,13,152,0,1,20301081.066175,15,180,2,1,21292351.163734,93,152,2,1,39385343.372375,80,156,0,12,23545004.114903,78,144,0,12,24364575.683023,63,140,0,12,24677552.204844,86,160,0,12,25288041.912540,20,108,0,1,23857947.631588,34,160,0,1,19532972.245496,44,156,0,1,19386462.431581,35,128,2,1,21389442.230051,33,100,0,1,22922242.324479,60,144,0,12,26011379.525926,52,140,0,1,22247105.098552,42,60,0,1,24134774.471930,5,120,0,1,24434329.885324,24,96,0,1,24461742.502172,1,1552384645,0.800000,53,80,0,1,23506076.895816,
22,1552384646,0.000000,8,152,2,1,24118326.841363,7,88,0,1,24735570.856513,28,176,0,1,20930676.799147,30,152,2,1,21992631.629917,43,180,0,1,19896055.702540,13,156,0,1,20301088.604670,15,176,2,1,21292286.580478,93,144,2,1,39385343.162972,80,156,0,12,23544991.934651,78,144,0,12,24364648.022900,63,156,0,12,24677504.923480,86,156,0,12,25288132.941601,20,104,0,1,23857869.210309,34,160,0,1,19533008.952029,44,156,0,1,19386414.312606,35,128,2,1,21389323.263191,33,100,0,1,22922411.696293,60,144,0,12,26011275.042747,52,124,0,1,22247080.092390,42,60,0,1,24134932.012496,5,124,3,1,24434471.694519,24,96,0,1,24461605.526688,1,1552384646,0.000000,53,80,0,1,23505934.091959,
22,1552384646,0.200000,8,156,2,1,24118398.090602,7,88,0,1,24735701.192189,28,172,0,1,20930673.073525,30,160,2,1,21992738.625927,43,180,0,1,19896136.601750,13,160,0,1,20301096.361291,15,180,2,1,21292215.819845,93,144,2,1,39385343.066996,80,156,0,12,23544979.876551,78,148,0,12,24364720.153375,63,148,0,12,24677453.628564,86,152,0,12,25288218.595995,34,160,0,1,19533045.536411,44,156,0,1,19386366.237256,35,124,3,1,21389205.474221,33,100,0,1,22922580.186870,60,144,0,12,26011170.585743,52,128,0,1,22247055.086228,42,64,0,1,24135088.933579,5,96,0,1,24434612.962756,24,96,0,1,24461464.773232,53,80,0,1,23505790.241089,
22,1552384646,0.400000,8,128,2,1,24118469.688845,7,88,0,1,24735830.585553,28,168,0,1,20930669.103601,30,148,2,1,21992835.762564,43,176,0,1,19896217.326457,13,152,0,1,20301103.768909,15,180,2,1,21292155.485717,93,160,2,1,39385342.875044,80,156,0,12,23544967.617773,78,148,0,12,24364792.597954,63,140,0,12,24677405.788793,86,164,0,12,25288309.668681,34,160,0,1,19533082.077167,44,156,0,1,19386317.856527,35,124,2,1,21389087.109394,33,96,0,1,22922749.017727,60,132,0,12,26011065.866987,52,124,0,1,22247030.071341,42,64,0,1,24135245.470757,5,100,0,1,24434753.323583,24,96,0,1,24461326.820535,53,80,0,1,23505647.096953,
22,1552384646,0.600000,8,140,2,1,24118547.080561,7,84,0,1,24735960.057444,28,172,0,1,20930665.299453,30,148,2,1,21992934.609323,43,176,0,1,19896298.339093,13,152,0,1,20301111.193976,15,180,2,1,21292089.663496,93,156,2,1,39385342.517314,80,156,0,12,23544955.385170,78,148,0,12,24364864.841856,63,140,0,12,24677357.416789,86,160,0,12,25288400.348738,34,164,0,1,19533118.617922,44,156,0,1,19386269.606675,35,128,2,1,21388968.482814,33,96,0,1,22922918.494241,60,136,0,12,26010961.279107,52,124,0,1,22247005.126255,42,64,0,1,24135402.470366,5,120,0,1,24434893.352855,24,92,0,1,24461184.103930,53,80,0,1,23505503.856841,
22,1552384646,0.800000,8,124,0,1,24118622.648729,7,84,0,1,24736089.948140,28,172,0,1,20930661.530206,30,164,2,1,21993037.844811,43,176,0,1,19896379.247027,13,160,0,1,20301118.732470,15,180,2,1,21292022.227129,93,156,2,1,39385342.316637,80,156,0,12,23544943.196193,78,144,0,12,24364937.042132,63,140,0,12,24677309.454866,86,152,0,12,25288489.301223,34,168,0,1,19533155.254655,44,156,0,1,19386221.391724,35,128,2,1,21388849.018624,33,96,0,1,22923087.229122,60,136,0,12,26010856.761028,52,124,0,1,22246980.189893,42,64,0,1,24135559.880056,5,120,0,1,24435037.011772,24,92,0,1,24461045.880755,53,80,0,1,23505359.962345,
22,1552384647,0.000000,8,124,0,1,24118693.880518,7,80,0,1,24736220.658996,28,172,0,1,20930657.743509,30,156,2,1,21993139.256751,43,172,0,1,19896460.146237,13,152,0,1,20301126.366941,15,180,2,1,21291962.826588,93,156,2,1,39385342.115959,80,156,0,12,23544930.989766,78,144,0,12,24365009.320933,63,140,0,12,24677260.768758,86,152,0,12,25288576.805340,34,160,0,1,19533191.751785,44,156,0,1,19386173.264023,35,144,2,1,21388733.288780,33,92,0,1,22923256.321732,60,136,0,12,26010752.181873,52,128,0,1,22246955.175006,42,64,0,1,24135716.705162,5,120,0,1,24435174.606739,24,92,0,1,24460905.816582,53,80,0,1,23505216.888010,
22,1552384647,0.200000,8,104,0,1,24118765.757965,7,80,0,1,24736350.724194,28,172,0,1,20930654.044063,30,152,2,1,21993242.352638,43,168,0,1,19896540.975645,13,152,0,1,20301133.826909,15,176,2,1,21291897.667475,93,156,2,1,39385341.705879,80,156,0,12,23544919.053817,78,144,0,12,24365081.599735,63,140,0,12,24677203.767622,86,152,0,12,25288666.961890,34,156,0,1,19533228.240190,44,156,0,1,19386125.179948,35,140,2,1,21388615.395109,33,92,0,1,22923425.702270,60,148,0,12,26010647.611443,52,128,0,1,22246930.090318,42,60,0,1,24135874.219553,5,116,0,1,24435315.648124,24,92,0,1,24460768.710221,53,88,0,1,23505074.817062,
22,1552384647,0.400000,8,140,0,1,24118836.823976,7,80,0,1,24736480.143733,28,172,0,1,20930650.205015,30,164,2,1,21993347.167371,43,172,0,1,19896621.813779,13,152,0,1,20301141.347953,15,176,2,1,21291831.295572,93,156,2,1,39385341.540102,80,156,0,12,23544906.629262,78,144,0,12,24365153.800011,63,144,0,12,24677157.515820,86,144,0,12,25288755.312342,34,160,0,1,19533264.859472,44,152,0,1,19386076.938821,35,144,2,1,21388498.103470,33,92,0,1,22923594.664003,60,148,0,12,26010543.363842,52,132,0,1,22246905.249933,42,64,0,1,24136031.062110,5,116,0,1,24435459.132540,24,92,0,1,24460631.787088,53,88,0,1,23504931.585675,
22,1552384647,0.600000,8,140,3,1,24118913.238480,7,80,0,1,24736612.163356,28,172,0,1,20930646.531744,30,152,2,1,21993443.710700,43,172,0,1,19896702.730439,13,152,0,1,20301148.999873,15,176,2,1,21291765.874706,93,160,2,1,39385341.243448,80,156,0,12,23544894.431559,78,148,0,12,24365226.200965,63,132,0,12,24677110.557284,86,156,0,12,25288846.262877,34,160,0,1,19533301.400228,44,152,0,1,19386028.645344,35,144,2,1,21388379.729918,33,88,0,1,22923763.739163,60,136,0,12,26010438.915564,52,132,0,1,22246880.296122,42,64,0,1,24136188.253671,5,120,0,1,24435603.454565,24,88,0,1,24460490.902755,53,84,0,1,23504788.773093,
22,1552384647,0.800000,8,108,0,1,24118986.878399,7,76,0,1,24736742.184928,28,176,0,1,20930642.718871,30,160,2,1,21993543.063515,43,176,0,1,19896783.681999,13,164,0,1,20301156.573268,15,172,2,1,21291700.916270,93,160,2,1,39385341.147472,80,156,0,12,23544882.172781,78,156,0,12,24365298.523392,63,144,0,12,24677064.305482,86,164,0,12,25288936.035522,34,160,0,1,19533338.054411,44,152,0,1,19385980.517643,35,144,2,1,21388259.960349,33,88,0,1,22923931.915637,60,136,0,12,26010334.519636,52,132,0,1,22246855.351036,42,64,0,1,24136345.689536,5,132,0,1,24435743.684515,24,88,0,1,24460350.088223,53,84,0,1,23504646.108838,
22,1552384648,0.000000,8,112,0,1,24119060.308915,7,80,0,1,24736872.136700,28,176,0,1,20930638.993250,30,160,2,1,21993646.028525,43,172,0,1,19896864.589933,13,160,0,1,20301164.085586,15,172,2,1,21291635.556480,93,156,2,1,39385340.798468,80,156,0,12,23544870.036155,78,152,0,12,24365371.220999,63,132,0,12,24677009.764826,86,156,0,12,25289025.302111,20,104,0,1,23857063.202202,34,160,0,1,19533374.630067,44,152,0,1,19385932.337592,35,148,2,1,21388142.511658,33,88,0,1,22924102.203586,60,148,0,12,26010230.516338,52,132,0,1,22246830.484475,42,64,0,1,24136503.631456,5,132,0,1,24435885.223231,24,88,0,1,24460211.524769,1,1552384648,0.000000,53,84,0,1,23504503.017053,
22,1552384648,0.200000,8,128,0,1,24119128.931896,7,76,0,1,24737002.742854,28,176,0,1,20930635.285079,30,164,2,1,21993748.923734,43,172,0,1,19896945.445517,13,160,0,1,20301171.667706,15,176,2,1,21291573.477330,93,156,0,1,39385340.685041,80,156,0,12,23544857.934429,78,152,0,12,24365443.412550,63,144,0,12,24676961.759277,86,156,0,12,25289114.167345,20,104,0,1,23856976.753824,34,160,0,1,19533411.135922,44,152,0,1,19385884.087740,35,148,2,1,21388025.979104,33,84,0,1,22924270.990817,60,156,0,12,26010126.146586,52,132,0,1,22246805.478313,42,64,0,1,24136660.980070,24,92,0,1,24460072.158605,53,84,0,1,23504360.291722,
22,1552384648,0.400000,8,128,0,1,24119203.697354,7,76,0,1,24737132.110043,28,172,0,1,20930631.603083,30,152,2,1,21993849.166509,43,172,0,1,19897026.283651,13,156,0,1,20301179.066598,15,176,2,1,21291505.404030,93,156,0,1,39385340.493089,80,156,0,12,23544845.806528,78,144,0,12,24365516.083982,63,144,0,12,24676913.300022,86,160,0,12,25289203.678237,20,108,0,1,23856895.479435,34,160,0,1,19533447.746479,44,152,0,1,19385836.003665,35,148,2,1,21387906.654515,33,84,0,1,22924440.301555,60,156,0,12,26010021.707033,52,136,0,1,22246780.568128,42,64,0,1,24136818.154181,24,92,0,1,24459933.516625,53,88,0,1,23504218.430177,
22,1552384648,0.600000,8,140,3,1,24119276.796316,7,80,0,1,24737262.157791,28,168,0,1,20930627.781485,30,160,2,1,21993953.038931,43,172,0,1,19897107.051984,13,156,0,1,20301186.744694,15,176,2,1,21291439.808662,93,156,0,1,39385340.292412,80,156,0,12,23544833.835678,78,144,0,12,24365588.415134,63,144,0,12,24676864.770967,86,156,0,12,25289292.988451,20,128,3,1,23856814.545325,34,156,0,1,19533484.261060,44,148,0,1,19385787.771263,35,148,2,1,21387788.481641,33,84,0,1,22924609.446516,60,156,0,12,26009917.407082,52,136,0,1,22246755.780093,42,60,0,1,24136975.703472,5,128,0,1,24436311.828704,24,96,0,1,24459794.403489,1,1552384648,0.600000,53,88,0,1,23504076.219627,
22,1552384648,0.800000,8,152,2,1,24119354.702813,7,80,0,1,24737391.882710,28,176,0,1,20930624.178015,30,164,2,1,21994056.431471,43,172,0,1,19897188.029719,13,148,0,1,20301194.344264,15,168,2,1,21291375.452259,93,164,0,1,39385340.083009,80,156,0,12,23544821.489649,78,144,0,12,24365660.981865,63,116,0,12,24676811.259874,86,156,0,12,25289382.281215,20,108,0,1,23856733.846793,34,148,0,1,19533520.749465,44,156,0,1,19385739.713363,35,148,2,1,21387669.165777,33,84,0,1,22924778.957931,60,148,0,12,26009812.801751,52,136,0,1,22246730.887358,42,60,0,1,24137132.860133,5,108,0,1,24436456.822564,24,96,0,1,24459653.868161,1,1552384648,0.800000,53,84,0,1,23503932.996965,
22,1552384649,0.000000,8,128,2,1,24119428.299107,7,84,0,1,24737521.145198,28,172,0,1,20930620.530920,30,156,2,1,21994159.588433,43,176,0,1,19897268.902753,13,140,0,1,20301201.952559,15,168,2,1,21291309.185057,93,160,0,1,39385339.803805,80,156,0,12,23544809.466449,78,144,0,12,24365733.190866,63,116,0,12,24676768.445765,86,156,0,12,25289471.704856,20,108,0,1,23856654.710055,34,160,0,1,19533557.421098,44,148,0,1,19385691.707814,35,148,2,1,21387551.856688,33,80,0,1,22924948.504246,60,140,0,12,26009708.178971,52,136,0,1,22246705.994622,42,60,0,1,24137289.929543,5,108,0,1,24436600.751959,24,96,0,1,24459516.404071,1,1552384649,0.000000,53,88,0,1,23503789.974980,
22,1552384649,0.200000,8,124,2,1,24119501.502770,7,84,0,1,24737649.648601,28,172,0,1,20930616.674422,30,156,2,1,21994261.131250,43,176,0,1,19897349.662361,13,140,0,1,20301209.552129,15,172,2,1,21291244.156821,93,160,0,1,39385339.550777,80,156,0,12,23544797.425799,78,144,0,12,24365805.609269,63,132,0,12,24676726.286039,86,156,0,12,25289561.049971,20,108,0,1,23856576.280052,34,156,0,1,19533594.162531,44,148,0,1,19385643.615014,35,148,2,1,21387430.944129,33,80,0,1,22925117.867335,60,140,0,12,26009603.617266,52,136,0,1,22246680.988460,42,60,0,1,24137447.094929,5,108,0,1,24436738.085173,24,100,0,1,24459377.421811,1,1552384649,0.200000,53,92,0,1,23503647.947658,
22,1552384649,0.400000,8,156,2,1,24119574.270178,7,84,0,1,24737779.748700,28,172,0,1,20930613.018601,30,164,2,1,21994362.900920,43,180,0,1,19897430.465594,13,144,0,1,20301217.177874,15,176,2,1,21291182.391775,93,160,0,1,39385339.376275,80,156,0,12,23544785.437499,78,144,0,12,24365877.844446,63,120,1,12,24676675.462280,86,160,0,12,25289650.299109,20,108,0,1,23856492.178727,34,148,0,1,19533630.694562,44,156,0,1,19385595.478589,35,156,2,1,21387312.134322,33,80,0,1,22925286.558589,60,140,0,12,26009499.491817,52,120,0,1,22246656.086999,42,60,0,1,24137604.173064,5,128,0,1,24436877.992294,24,96,0,1,24459238.160349,1,1552384649,0.400000,53,92,0,1,23503505.361929,
22,1552384649,0.600000,8,148,2,1,24119647.002686,7,84,0,1,24737909.464893,28,172,0,1,20930609.476207,30,148,2,1,21994461.791304,43,180,0,1,19897511.548031,13,152,0,1,20301224.733818,15,172,2,1,21291115.801744,93,160,0,1,39385339.245399,80,156,0,12,23544773.466650,78,144,0,12,24365950.341375,63,116,0,12,24676627.343304,86,156,0,12,25289739.792551,20,108,0,1,23856411.157366,34,156,0,1,19533667.244043,44,156,0,1,19385547.377063,35,156,2,1,21387195.505792,33,80,0,1,22925455.965303,60,140,0,12,26009395.252941,52,136,0,1,22246631.168088,42,56,0,1,24137761.504227,5,108,0,1,24437010.587773,24,96,0,1,24459099.745222,1,1552384649,0.600000,53,88,0,1,23503363.299706,
22,1552384649,0.800000,8,148,2,1,24119718.548578,7,84,0,1,24738040.454953,28,164,0,1,20930605.750585,30,164,2,1,21994562.191131,43,176,0,1,19897592.421065,13,152,0,1,20301232.132710,15,168,2,1,21291051.392990,93,160,0,1,39385339.009821,80,164,0,12,23544761.347474,78,132,0,12,24366022.899381,63,116,0,12,24676572.087190,86,148,0,12,25289829.347068,20,108,0,1,23856330.327958,34,156,0,1,19533703.889500,44,156,0,1,19385499.275538,35,156,2,1,21387078.877261,33,80,0,1,22925624.621658,60,144,0,12,26009290.795938,52,136,0,1,22246606.353879,42,56,0,1,24137918.625987,5,128,0,1,24437152.161390,24,100,0,1,24458960.422683,1,1552384649,0.800000,53,88,0,1,23503220.975731,
22,1552384650,0.000000,8,128,2,1,24119793.287861,7,84,0,1,24738170.363099,28,168,0,1,20930601.850462,30,156,2,1,21994662.311756,43,176,0,1,19897673.337725,13,160,0,1,20301239.723555,15,168,2,1,21290985.527144,93,160,0,1,39385338.765518,80,156,0,12,23544749.428975,78,132,0,12,24366095.134557,63,112,0,12,24676525.198455,86,148,0,12,25289918.439155,34,160,0,1,19533740.569858,44,156,0,1,19385451.165288,35,156,2,1,21386960.241956,33,80,0,1,22925793.478690,60,144,0,12,26009186.304034,52,120,0,1,22246581.408793,42,60,0,1,24138075.712848,5,104,0,1,24437292.347714,24,100,0,1,24458820.602813,53,88,0,1,23503077.857770,
21,1552384650,0.200000,8,100,2,1,24119871.037306,7,84,0,1,24738299.826264,28,160,0,1,20930598.098665,30,156,2,1,21994765.241865,43,176,0,1,19897754.114783,13,156,0,1,20301247.314400,15,168,0,1,21290921.083489,93,160,0,1,39385338.686992,80,164,0,12,23544737.274898,78,132,0,12,24366167.361008,63,112,0,12,24676481.031954,86,148,0,12,25290008.046023,34,160,0,1,19533777.293841,44,156,0,1,19385403.011412,35,156,2,1,21386843.046294,33,80,0,1,22925962.963930,60,144,0,12,26009081.995357,52,120,0,1,22246556.385180,42,64,0,1,24138232.878234,24,100,0,1,24458682.772269,53,88,0,1,23502935.062638,
21,1552384650,0.400000,8,124,2,1,24119943.211407,7,84,0,1,24738429.132377,28,168,0,1,20930594.425394,30,152,2,1,21994866.505479,43,176,0,1,19897835.013992,13,152,0,1,20301254.922695,15,180,0,1,21290856.892864,93,148,0,1,39385338.521214,80,164,0,12,23544725.304049,78,132,0,12,24366239.290806,63,132,0,12,24676419.947466,86,148,0,12,25290097.007233,34,156,0,1,19533813.948024,44,156,0,1,19385354.944787,35,148,2,1,21386726.199636,33,80,0,1,22926132.981401,60,136,0,12,26008977.573255,52,120,0,1,22246531.806549,42,64,0,1,24138390.069795,24,100,0,1,24458543.493356,53,88,0,1,23502792.031928,
22,1552384650,0.600000,8,128,2,1,24120016.676823,7,84,0,1,24738558.743870,28,168,0,1,20930590.699772,30,164,2,1,21994969.697341,43,176,0,1,19897916.017903,13,152,0,1,20301262.461189,15,180,0,1,21290790.520960,93,148,0,1,39385338.207111,80,164,0,12,23544713.202323,78,132,0,12,24366311.395105,63,144,0,12,24676370.223071,86,120,0,12,25290186.090595,34,160,0,1,19533850.637106,44,156,0,1,19385306.773461,35,156,2,1,21386608.724770,33,80,0,1,22926302.327039,60,144,0,12,26008873.090076,52,120,0,1,22246506.861462,42,60,0,1,24138547.444584,5,104,0,1,24437719.642471,24,96,0,1,24458403.952690,53,88,0,1,23502649.725403,
21,1552384650,0.800000,8,124,0,1,24120093.073877,7,80,0,1,24738689.175522,28,168,0,1,20930587.105028,30,164,2,1,21995071.091831,43,176,0,1,19897996.986913,13,152,0,1,20301269.877531,15,184,0,1,21290726.042406,93,148,0,1,39385338.102409,80,160,0,12,23544701.179123,78,136,0,12,24366383.988011,63,144,0,12,24676318.160346,86,136,0,12,25290275.426985,34,160,0,1,19533887.457066,44,156,0,1,19385258.628311,35,156,2,1,21386490.403568,33,84,0,1,22926471.088095,60,144,0,12,26008768.772674,52,120,0,1,22246482.684186,42,64,0,1,24138704.662320,24,96,0,1,24458264.359673,53,88,0,1,23502506.642342,
21,1552384651,0.000000,8,108,0,1,24120170.866947,7,80,0,1,24738819.528649,28,172,0,1,20930583.536458,30,160,2,1,21995172.058791,43,176,0,1,19898077.859947,13,160,0,1,20301277.363675,15,176,0,1,21290659.365124,93,148,0,1,39385337.788305,80,160,0,12,23544689.129748,78,132,0,12,24366456.205737,63,132,0,12,24676267.354037,86,136,0,12,25290364.676123,34,160,0,1,19533924.146149,44,160,0,1,19385210.622762,35,156,2,1,21386372.518622,33,84,0,1,22926639.561222,60,148,0,12,26008664.350571,52,116,0,1,22246455.732324,42,60,0,1,24138861.801531,24,96,0,1,24458125.019684,53,88,0,1,23502363.637808,
21,1552384651,0.200000,8,148,0,1,24120239.324152,7,80,0,1,24738948.904563,28,160,0,1,20930579.819562,30,164,2,1,21995274.954000,43,180,0,1,19898158.881308,13,164,0,1,20301284.937069,15,176,0,1,21290594.598641,93,148,0,1,39385337.587628,80,160,0,12,23544677.176349,78,132,0,12,24366528.458364,63,132,0,12,24676216.678605,86,120,0,12,25290452.311117,34,152,0,1,19533960.809056,44,160,0,1,19385162.617213,35,156,2,1,21386254.764553,33,88,0,1,22926807.877297,60,148,0,12,26008560.076795,52,116,0,1,22246431.197318,42,60,0,1,24139019.289746,24,100,0,1,24457988.096551,53,92,0,1,23502219.472834,
21,1552384651,0.400000,8,148,3,1,24120312.475464,7,80,0,1,24739078.236852,28,160,0,1,20930576.128841,30,160,2,1,21995376.470642,43,180,0,1,19898239.937570,13,164,0,1,20301292.615165,15,176,0,1,21290529.046898,93,156,0,1,39385337.587628,80,168,0,12,23544665.196774,78,132,0,12,24366600.780791,63,132,0,12,24676158.072049,86,116,0,12,25290542.223364,34,156,0,1,19533997.384713,44,160,0,1,19385114.533138,35,148,2,1,21386136.303750,33,88,0,1,22926976.254448,60,148,0,12,26008455.864095,52,116,0,1,22246407.779126,42,60,0,1,24139176.455132,24,100,0,1,24457847.884051,53,92,0,1,23502076.223997,
22,1552384651,0.600000,8,156,2,1,24120382.145459,7,80,0,1,24739207.848344,28,168,0,1,20930572.403219,30,164,2,1,21995476.879195,43,180,0,1,19898320.758253,13,156,0,1,20301300.179835,15,184,0,1,21290464.934798,93,152,0,1,39385337.325875,80,160,0,12,23544653.208474,78,132,0,12,24366672.972342,63,132,0,12,24676112.064550,86,116,0,12,25290631.891307,34,160,0,1,19534034.091246,44,160,0,1,19385066.344361,35,148,2,1,21386017.816772,33,88,0,1,22927145.146381,60,148,0,12,26008351.520518,52,112,0,1,22246381.900453,42,60,0,1,24139334.126575,5,108,0,1,24438431.140199,24,100,0,1,24457709.599801,53,88,0,1,23501933.158386,
22,1552384651,0.800000,8,156,2,1,24120454.607488,7,80,0,1,24739338.262546,28,168,0,1,20930568.572896,30,156,2,1,21995577.750178,43,176,0,1,19898401.797064,13,164,0,1,20301307.779404,15,180,0,1,21290399.627358,93,144,0,1,39385337.125197,80,164,0,12,23544641.324876,78,136,0,12,24366745.286044,63,136,0,12,24676057.488994,86,116,0,12,25290720.739091,34,160,0,1,19534070.823954,44,160,0,1,19385018.303912,35,148,2,1,21385899.670072,33,88,0,1,22927314.579270,60,148,0,12,26008247.211841,52,116,0,1,22246360.672263,42,60,0,1,24139491.798017,5,108,0,1,24438568.351261,24,100,0,1,24457572.109535,53,88,0,1,23501791.427718,
22,1552384652,0.000000,8,144,2,1,24120527.043342,7,80,0,1,24739467.559935,28,168,0,1,20930565.030502,30,164,2,1,21995679.563474,43,176,0,1,19898482.696274,13,164,0,1,20301315.483675,15,176,0,1,21290334.991751,93,144,0,1,39385336.941970,80,164,0,12,23544629.275501,78,136,0,12,24366817.556121,63,136,0,12,24676016.690385,86,116,0,12,25290811.454048,34,160,0,1,19534107.495586,44,160,0,1,19384970.132586,35,152,2,1,21385781.540823,33,88,0,1,22927484.387338,60,148,0,12,26008142.772288,52,116,0,1,22246333.668051,42,60,0,1,24139649.338583,5,128,0,1,24438705.806626,24,96,0,1,24457433.676958,53,88,0,1,23501648.676212,
22,1552384652,0.200000,8,148,2,1,24120604.749161,7,80,0,1,24739598.235890,28,168,0,1,20930561.488108,30,168,2,1,21995780.923063,43,176,0,1,19898563.534407,13,168,0,1,20301322.934918,15,176,0,1,21290270.181643,93,144,0,1,39385336.688942,80,164,0,12,23544616.816045,78,136,0,12,24366889.512094,63,132,0,12,24675972.637310,86,116,0,12,25290900.563585,34,160,0,1,19534144.184669,44,160,0,1,19384921.996160,35,152,2,1,21385662.382012,33,84,0,1,22927653.026243,60,152,0,12,26008038.481062,52,116,0,1,22246307.152445,42,60,0,1,24139806.948949,5,128,0,1,24438845.041913,24,96,0,1,24457294.057766,53,88,0,1,23501505.889805,
22,1552384652,0.400000,8,156,2,1,24120678.432706,7,80,0,1,24739728.554116,28,168,0,1,20930557.849738,30,164,2,1,21995882.518231,43,176,0,1,19898644.485967,13,172,0,1,20301330.796242,15,172,0,1,21290205.249382,93,144,0,1,39385336.531890,80,168,0,12,23544604.408941,78,136,0,12,24366962.078825,63,128,0,12,24675912.329358,86,116,0,12,25290983.713872,34,156,0,1,19534180.943553,44,160,0,1,19384874.025512,35,156,2,1,21385545.509178,33,84,0,1,22927822.476582,60,148,0,12,26007934.338162,52,116,0,1,22246280.017357,42,60,0,1,24139964.472065,5,128,3,1,24438984.608755,24,96,0,1,24457155.433236,53,88,0,1,23501362.544991,
22,1552384652,0.600000,8,140,2,1,24120754.786133,7,80,0,1,24739857.563576,28,168,0,1,20930554.246268,30,172,2,1,21995984.715431,43,176,0,1,19898725.585854,13,160,0,1,20301338.491788,15,176,0,1,21290140.395648,93,156,0,1,39385336.322487,80,164,0,12,23544592.272314,78,136,0,12,24367034.444878,63,116,0,12,24675869.689750,86,116,0,12,25291072.980461,20,116,0,1,23855201.281420,34,156,0,1,19534217.676261,44,160,0,1,19384825.810560,35,156,2,1,21385427.755109,33,80,0,1,22927991.508116,60,148,0,12,26007829.924784,52,116,0,1,22246253.929281,42,60,0,1,24140122.658289,5,124,0,1,24439125.920618,24,92,0,1,24457016.669104,1,1552384652,0.600000,53,84,0,1,23501220.316992,
22,1552384652,0.800000,8,140,2,1,24120826.209875,7,76,0,1,24739987.489172,28,168,0,1,20930550.538096,30,176,2,1,21996086.668328,43,176,0,1,19898806.624666,13,160,0,1,20301345.934305,15,184,0,1,21290075.550639,93,152,0,1,39385336.243961,80,164,0,12,23544580.188038,78,136,0,12,24367106.627703,63,140,0,12,24675821.300297,86,116,0,12,25291169.148611,20,116,0,1,23855118.890217,34,156,0,1,19534254.435145,44,160,0,1,19384777.778836,35,148,2,1,21385309.643310,33,84,0,1,22928160.792679,60,144,0,12,26007725.668459,52,120,0,1,22246230.196985,42,56,0,1,24140280.853238,5,100,0,1,24439266.743875,24,92,0,1,24456877.948598,1,1552384652,0.800000,53,84,0,1,23501077.504410,
22,1552384653,0.000000,8,140,2,1,24120903.287486,7,76,0,1,24740118.880587,28,168,0,1,20930546.864825,30,164,2,1,21996188.080269,43,172,0,1,19898887.558775,13,160,0,1,20301353.621126,15,184,0,1,21290010.723080,93,148,0,1,39385336.043284,80,164,0,12,23544568.164838,78,136,0,12,24367179.072282,63,128,0,12,24675767.841555,86,116,0,12,25291258.860181,20,116,0,1,23855036.786942,34,156,0,1,19534291.220204,44,160,0,1,19384729.825637,35,156,2,1,21385192.622150,33,84,0,1,22928330.208117,60,148,0,12,26007621.263806,52,120,0,1,22246204.780743,42,56,0,1,24140438.926035,5,100,0,1,24439409.416855,24,92,0,1,24456739.332794,1,1552384653,0.000000,53,88,0,1,23500934.674378,
22,1552384653,0.200000,8,140,2,1,24120972.835329,7,76,0,1,24740248.963235,28,168,0,1,20930543.339881,30,172,2,1,21996289.823763,43,172,0,1,19898968.536511,13,168,0,1,20301361.255597,15,172,0,1,21289945.563967,93,152,0,1,39385336.034558,80,164,0,12,23544556.316140,78,136,0,12,24367251.098056,63,112,0,12,24675724.355612,86,120,0,12,25291349.103982,20,112,0,1,23854953.505778,34,156,0,1,19534327.961637,44,160,0,1,19384681.846264,35,156,2,1,21385075.435213,33,80,0,1,22928499.318178,60,148,0,12,26007516.911504,52,120,0,1,22246179.434302,42,52,0,1,24140595.794768,5,100,0,1,24439553.869758,24,92,0,1,24456600.289459,1,1552384653,0.200000,53,88,0,1,23500791.102711,
22,1552384653,0.400000,8,152,2,1,24121046.981304,7,76,0,1,24740379.002257,28,168,0,1,20930539.448483,30,168,2,1,21996391.506182,43,172,0,1,19899049.505521,13,168,0,1,20301368.933692,15,160,0,1,21289880.692783,93,152,0,1,39385335.833881,80,164,0,12,23544544.423817,78,136,0,12,24367323.507734,63,108,0,12,24675676.140660,86,116,0,12,25291435.910090,20,116,0,1,23854870.992423,34,156,0,1,19534364.694346,44,160,0,1,19384633.797089,35,156,2,1,21384957.489191,33,80,0,1,22928668.279911,60,156,0,12,26007412.637728,52,120,0,1,22246156.792644,42,52,0,1,24140752.811827,5,100,0,1,24439699.273697,24,92,0,1,24456461.167598,1,1552384653,0.400000,53,84,0,1,23500648.325030,
22,1552384653,0.600000,8,152,2,1,24121123.640111,7,76,0,1,24740509.870165,28,168,0,1,20930535.958439,30,160,2,1,21996493.040274,43,172,0,1,19899130.553058,13,168,0,1,20301376.681589,15,160,0,1,21289815.804148,93,152,0,1,39385335.467426,80,164,0,12,23544532.601295,78,132,0,12,24367395.961038,63,112,0,12,24675630.613042,86,84,0,12,25291527.715685,20,120,0,1,23854785.704484,34,156,0,1,19534401.540480,44,160,0,1,19384585.695564,35,148,2,1,21384839.403568,33,80,0,1,22928837.398696,60,156,0,12,26007308.407577,52,120,0,1,22246133.357002,42,52,0,1,24140909.811436,5,100,0,1,24439844.031978,24,88,0,1,24456321.147051,1,1552384653,0.600000,53,80,0,1,23500505.303045,
22,1552384653,0.800000,8,156,2,1,24121194.226242,7,80,0,1,24740639.970264,28,168,0,1,20930532.293894,30,152,2,1,21996594.644167,43,176,0,1,19899211.513343,13,168,0,1,20301384.254984,15,168,0,1,21289751.098741,93,152,0,1,39385335.266749,80,160,0,12,23544520.508294,78,132,0,12,24367468.257291,63,128,0,12,24675588.514392,86,124,0,12,25291615.577532,20,120,3,1,23854700.521246,34,156,0,1,19534438.360440,44,160,0,1,19384537.733640,35,148,2,1,21384721.562247,33,84,0,1,22929006.107401,60,156,0,12,26007204.133801,52,120,0,1,22246107.312552,42,52,0,1,24141067.046623,5,100,0,1,24439989.025838,24,88,0,1,24456181.222480,1,1552384653,0.800000,53,80,0,1,23500361.940781,
22,1552384654,0.000000,8,152,2,1,24121266.443968,7,80,0,1,24740769.948211,28,168,0,1,20930528.507196,30,164,2,1,21996696.108458,43,168,0,1,19899292.456178,13,168,0,1,20301391.924354,15,172,0,1,21289686.201381,93,152,0,1,39385335.144597,80,164,0,12,23544508.677046,78,132,0,12,24367540.658244,63,104,0,12,24675535.963061,86,120,0,12,25291704.442765,20,120,2,1,23854622.989929,34,156,0,1,19534475.101873,44,160,0,1,19384489.614665,35,156,2,1,21384603.755827,33,84,0,1,22929176.168498,60,156,0,12,26007099.990901,52,120,3,1,22246084.234639,42,52,0,1,24141224.081132,5,100,0,1,24440134.726431,24,88,0,1,24456042.030818,1,1552384654,0.000000,53,76,0,1,23500219.704056,
22,1552384654,0.200000,8,160,2,1,24121341.741657,7,80,0,1,24740899.585878,28,172,0,1,20930524.947352,30,172,2,1,21996797.869403,43,176,0,1,19899373.503714,13,172,0,1,20301399.820578,15,172,0,1,21289621.356372,93,144,0,1,39385334.926470,80,164,0,12,23544496.453169,78,132,0,12,24367612.841070,63,108,0,12,24675478.255191,86,120,0,12,25291793.639553,20,120,2,1,23854540.075219,34,156,0,1,19534512.000359,44,160,0,1,19384441.469514,35,156,0,1,21384486.089009,33,84,0,1,22929344.912104,60,156,0,12,26006996.022504,52,124,3,1,22246060.502343,42,52,0,1,24141381.194168,5,100,0,1,24440276.849729,24,88,0,1,24455902.586128,1,1552384654,0.200000,53,76,0,1,23500077.275379,
22,1552384654,0.400000,8,144,2,1,24121412.170736,7,80,0,1,24741029.843028,28,168,0,1,20930521.256631,30,176,2,1,21996899.647798,43,176,0,1,19899454.402923,13,164,0,1,20301407.332897,15,160,0,1,21289556.031482,93,144,0,1,39385334.760693,80,160,0,12,23544484.395068,78,132,0,12,24367685.233298,63,108,0,12,24675435.222954,86,120,0,12,25291884.720965,20,120,2,1,23854461.950595,34,156,0,1,19534548.759242,44,160,0,1,19384393.367989,35,156,0,1,21384368.491992,33,84,0,1,22929514.179216,60,156,0,12,26006891.609126,52,124,2,1,22246034.143789,5,120,0,1,24440416.416570,24,88,0,1,24455763.071637,53,76,0,1,23499934.680925,
22,1552384654,0.600000,8,152,2,1,24121488.157709,7,80,0,1,24741158.398783,28,168,0,1,20930517.600810,30,172,2,1,21997001.199340,43,172,0,1,19899535.494085,13,164,0,1,20301414.949917,15,156,0,1,21289490.959620,93,144,0,1,39385334.708342,80,160,0,12,23544472.476569,78,128,0,12,24367757.747678,63,108,0,12,24675392.469921,86,92,0,12,25291974.624487,20,96,2,1,23854377.962697,34,160,0,1,19534585.675178,44,160,0,1,19384345.432241,35,156,0,1,21384250.833899,33,84,0,1,22929682.643618,60,156,0,12,26006787.178298,52,124,2,1,22246009.434281,5,120,0,1,24440560.005687,24,88,0,1,24455624.787387,53,80,0,1,23499792.557627,
21,1552384654,0.800000,8,160,2,1,24121562.417111,7,80,0,1,24741289.066013,28,164,0,1,20930514.293994,30,172,2,1,21997103.012635,43,176,0,1,19899616.515446,13,152,0,1,20301422.654188,15,164,0,1,21289426.132061,93,132,0,1,39385334.542565,80,156,0,12,23544460.444644,78,140,0,12,24367830.480185,63,104,0,12,24675341.611261,86,120,0,12,25292055.925051,34,156,0,1,19534622.477687,44,160,0,1,19384297.540118,35,156,0,1,21384133.158355,33,84,0,1,22929853.062444,60,156,0,12,26006682.921972,52,124,2,1,22245986.670472,5,88,0,1,24440704.240462,24,88,0,1,24455487.270946,53,76,0,1,23499650.792058,
20,1552384655,0.000000,8,168,2,1,24121634.495235,7,80,0,1,24741418.860733,28,164,0,1,20930510.533472,30,168,2,1,21997204.424576,43,180,0,1,19899697.501907,13,144,0,1,20301430.410810,15,176,0,1,21289361.208526,93,132,0,1,39385334.324437,80,156,0,12,23544448.194591,78,144,0,12,24367902.828788,63,108,0,12,24675288.222320,86,152,1,12,25292149.545469,34,160,0,1,19534659.201671,44,160,0,1,19384249.464768,35,156,0,1,21384015.456637,33,80,0,1,22930023.228243,60,148,0,12,26006578.473694,52,128,2,1,22245964.412719,24,88,0,1,24455348.489364,53,80,0,1,23499508.153978,
20,1552384655,0.200000,8,164,2,1,24121707.393520,7,84,0,1,24741549.981669,28,168,0,1,20930506.999803,30,168,2,1,21997306.019743,43,180,0,1,19899778.523268,13,148,0,1,20301438.149981,15,176,0,1,21289296.424592,93,144,0,1,39385334.010333,80,156,0,12,23544436.023064,78,144,0,12,24367975.334443,63,124,0,12,24675230.418474,86,132,0,12,25292237.512017,34,160,0,1,19534696.012905,44,156,0,1,19384201.502845,35,156,0,1,21383897.746193,33,80,0,1,22930192.425554,60,148,0,12,26006474.400596,52,128,2,1,22245939.406557,24,88,0,1,24455209.786309,53,76,0,1,23499365.088368,
20,1552384655,0.400000,8,160,2,1,24121781.260291,7,80,0,1,24741679.148180,28,168,0,1,20930503.326532,30,168,2,1,21997407.798138,43,180,0,1,19899859.439927,13,156,0,1,20301445.767001,15,164,0,1,21289231.501057,93,140,0,1,39385333.862006,80,148,0,12,23544423.877713,78,140,0,12,24368047.491093,63,104,0,12,24675176.095946,86,144,0,12,25292336.978258,34,160,0,1,19534732.806689,44,160,0,1,19384153.558372,35,156,0,1,21383780.114275,33,80,0,1,22930361.518164,60,156,0,12,26006370.091919,52,132,2,1,22245912.690273,24,84,0,1,24455070.263093,53,76,0,1,23499222.258335,
21,1552384655,0.600000,8,156,2,1,24121857.264715,7,80,0,1,24741808.576445,28,164,0,1,20930499.792863,30,172,2,1,21997509.480557,43,176,0,1,19899940.504914,13,160,0,1,20301453.427647,15,144,0,1,21289166.490271,93,140,0,1,39385333.547902,80,156,0,12,23544411.758537,78,140,0,12,24368119.857146,63,140,0,12,24675137.356463,86,144,0,12,25292422.205122,34,160,0,1,19534769.556847,44,160,0,1,19384105.395771,35,156,0,1,21383662.351481,33,80,0,1,22930531.980616,60,156,0,12,26006265.678541,52,128,2,1,22245887.125704,42,56,0,1,24142482.870039,24,84,0,1,24454930.364697,53,76,0,1,23499079.454479,
21,1552384655,0.800000,8,144,2,1,24121931.428140,7,80,0,1,24741938.536942,28,164,0,1,20930496.110867,30,172,2,1,21997611.206601,43,172,0,1,19900021.622251,13,168,0,1,20301461.088292,15,144,0,1,21289101.767413,93,140,0,1,39385333.233798,80,156,0,12,23544399.569560,78,128,0,12,24368192.327900,63,140,1,12,24675081.620467,86,132,0,12,25292507.623937,34,160,0,1,19534806.402982,44,160,0,1,19384057.538549,35,160,0,1,21383544.710838,33,80,0,1,22930700.750396,60,156,0,12,26006161.587992,52,128,2,1,22245864.850501,42,60,0,1,24142640.375704,24,84,0,1,24454791.356262,53,76,0,1,23498936.798949,
21,1552384656,0.000000,8,148,2,1,24122008.296349,7,84,0,1,24742067.555127,28,156,0,1,20930492.376521,30,164,2,1,21997712.827944,43,172,0,1,19900102.390584,13,160,0,1,20301468.827464,15,152,0,1,21289037.088181,93,140,0,1,39385333.076747,80,148,0,12,23544387.773212,78,128,0,12,24368264.659053,63,144,0,12,24675030.089974,86,152,0,12,25292598.687899,34,160,0,1,19534843.327643,44,160,0,1,19384009.655151,35,160,0,1,21383427.061470,33,80,0,1,22930870.270537,60,148,0,12,26006057.052463,52,128,2,1,22245840.045017,42,60,0,1,24142797.593441,24,84,0,1,24454653.037112,53,80,0,1,23498793.602462,
21,1552384656,0.200000,8,136,2,1,24122082.040970,7,84,0,1,24742197.009567,28,164,0,1,20930488.834126,30,160,0,1,21997814.431837,43,176,0,1,19900183.411945,13,156,0,1,20301476.732413,15,144,0,1,21288972.452575,93,152,0,1,39385332.972045,80,148,0,12,23544375.401008,78,132,0,12,24368337.260684,63,144,0,12,24674977.355416,86,160,0,12,25292686.148390,34,152,0,1,19534880.130152,44,160,0,1,19383961.763029,35,168,0,1,21383309.342301,33,80,0,1,22931039.424222,60,148,0,12,26005952.560559,52,132,2,1,22245817.054355,42,60,0,1,24142954.793728,24,84,0,1,24454513.225967,53,84,0,1,23498651.435538,
21,1552384656,0.400000,8,156,2,1,24122155.323159,7,84,0,1,24742327.022414,28,164,0,1,20930485.265557,30,160,0,1,21997915.948479,43,176,0,1,19900264.459481,13,168,0,1,20301484.401783,15,156,0,1,21288907.590116,93,156,0,1,39385332.910969,80,148,0,12,23544363.229481,78,140,0,12,24368409.722713,63,144,0,12,24674927.421618,86,152,0,12,25292776.366016,34,160,0,1,19534917.072263,44,160,0,1,19383913.897081,35,160,0,1,21383191.623132,33,80,0,1,22931209.773248,60,156,0,12,26005848.670688,52,132,2,1,22245792.528074,42,56,0,1,24143112.569871,24,84,0,1,24454372.306734,53,84,0,1,23498508.684032,
22,1552384656,0.600000,8,136,2,1,24122229.146305,7,84,0,1,24742456.197651,28,156,0,1,20930481.731888,30,152,0,1,21998017.622172,43,172,0,1,19900345.280165,13,176,0,1,20301492.114779,15,160,0,1,21288842.692756,93,152,0,1,39385332.745192,80,148,0,12,23544351.232456,78,112,0,12,24368482.315619,63,144,0,12,24674878.360331,86,156,0,12,25292864.707743,20,120,0,1,23853569.607535,34,160,0,1,19534953.892223,44,160,0,1,19383865.996234,35,160,0,1,21383073.781812,33,80,0,1,22931379.729644,60,140,0,12,26005744.283485,52,128,2,1,22245766.248046,42,56,0,1,24143270.031911,24,88,0,1,24454232.748617,53,80,0,1,23498365.906350,
22,1552384656,0.800000,8,140,2,1,24122301.747936,7,84,0,1,24742586.768905,28,168,0,1,20930478.233119,30,160,0,1,21998119.348217,43,172,0,1,19900426.388777,13,184,0,1,20301499.897577,15,176,0,1,21288777.804121,93,152,0,1,39385332.631766,80,148,0,12,23544339.444834,78,112,0,12,24368555.746135,63,176,0,12,24674829.447371,86,152,0,12,25292959.340274,20,116,0,1,23853487.722388,34,164,0,1,19534990.790708,44,156,0,1,19383818.043035,35,164,0,1,21382956.071368,33,80,0,1,22931548.281297,60,128,0,12,26005640.315088,52,132,2,1,22245742.838579,51,116,0,1,23631668.573369,42,56,0,1,24143427.284548,24,88,0,1,24454093.792533,1,1552384656,0.800000,53,84,0,1,23498222.997792,
22,1552384657,0.000000,8,120,2,1,24122375.902636,7,84,0,1,24742717.453586,28,172,0,1,20930474.577298,30,176,0,1,21998221.013185,43,172,0,1,19900507.305436,13,184,0,1,20301508.011928,15,196,0,1,21288713.089989,93,152,0,1,39385332.544515,80,148,0,12,23544327.238407,78,112,0,12,24368626.908123,63,176,0,12,24674783.099592,86,140,0,12,25293047.891404,20,116,0,1,23853407.835292,34,160,0,1,19535027.750269,44,148,0,1,19383770.159638,35,164,0,1,21382838.404550,33,84,0,1,22931717.565859,60,124,0,12,26005536.512468,52,132,2,1,22245717.247835,51,112,0,1,23631784.905246,42,60,0,1,24143584.563361,53,84,0,1,23498079.225448,
22,1552384657,0.200000,8,116,0,1,24122449.682157,7,84,0,1,24742847.021453,28,172,0,1,20930470.991279,30,176,0,1,21998322.931182,43,168,0,1,19900588.204646,13,180,0,1,20301516.004128,15,196,0,1,21288648.026852,93,152,0,1,39385332.710292,80,148,0,12,23544315.607837,78,144,0,12,24368706.009960,63,176,0,12,24674736.900141,86,152,0,12,25293138.152655,20,116,0,1,23853327.197835,34,152,0,1,19535064.674930,44,156,0,1,19383722.372216,35,168,0,1,21382720.737731,33,88,0,1,22931886.405441,60,104,0,12,26005432.936700,52,132,2,1,22245688.830155,51,112,0,1,23631900.094133,42,60,0,1,24143742.121377,53,88,0,1,23497935.732308,
21,1552384657,0.400000,8,116,0,1,24122521.332751,7,80,0,1,24742976.676571,28,168,0,1,20930467.536136,30,176,0,1,21998424.526350,43,164,0,1,19900669.191106,13,164,0,1,20301523.909076,15,196,0,1,21288583.173118,80,160,0,12,23544303.453760,78,144,0,12,24368766.928670,63,176,0,12,24674681.565500,86,156,0,12,25293229.487095,20,112,0,1,23853241.883721,34,156,0,1,19535101.669392,44,156,0,1,19383674.593520,35,168,0,1,21382602.974937,33,88,0,1,22932055.227572,60,104,0,12,26005328.854877,52,132,2,1,22245663.283036,51,112,0,1,23632015.797802,42,60,0,1,24143899.138436,53,92,0,1,23497792.998252,
20,1552384657,0.600000,8,132,0,1,24122590.156410,7,80,0,1,24743105.808182,28,168,0,1,20930464.176969,30,172,0,1,21998526.226219,43,164,0,1,19900750.343344,13,160,0,1,20301531.796575,15,196,0,1,21288518.197232,80,168,0,12,23544291.657413,78,132,0,12,24368837.924881,63,172,0,12,24674630.401462,86,156,0,12,25293319.573844,34,160,0,1,19535138.672578,44,156,0,1,19383626.762473,35,172,0,1,21382485.203417,33,92,0,1,22932223.438946,60,104,0,12,26005226.928155,52,132,2,1,22245637.360738,51,108,0,1,23632130.576609,42,64,0,1,24144056.295097,53,92,0,1,23497650.037343,
20,1552384657,0.800000,8,132,0,1,24122662.845292,7,80,0,1,24743235.716328,28,168,0,1,20930460.599674,30,164,0,1,21998627.821386,43,164,0,1,19900831.190203,13,160,0,1,20301539.570647,15,200,0,1,21288453.326047,80,168,0,12,23544279.773815,78,132,0,12,24368913.161495,63,176,0,12,24674583.722129,86,148,0,12,25293406.842383,34,164,0,1,19535175.710665,44,156,0,1,19383578.852901,35,172,0,1,21382367.588950,33,96,0,1,22932392.950361,60,104,0,12,26005123.300037,52,132,2,1,22245613.453940,51,108,0,1,23632245.399042,42,60,0,1,24144213.704786,53,92,0,1,23497507.250936,
20,1552384658,0.000000,8,132,3,1,24122737.401347,7,80,0,1,24743364.533835,28,168,0,1,20930457.249232,30,160,0,1,21998729.451454,43,164,0,1,19900912.211564,13,176,0,1,20301547.414519,15,200,0,1,21288388.332711,80,172,0,12,23544267.933842,78,152,0,12,24368994.261382,63,176,0,12,24674535.114548,86,140,0,12,25293497.025108,34,156,0,1,19535212.687677,44,156,0,1,19383530.899702,35,172,0,1,21382249.826155,33,100,0,1,22932561.135560,60,108,0,12,26005017.987973,52,136,2,1,22245590.943159,51,104,0,1,23632361.015459,42,60,0,1,24144370.905072,53,92,0,1,23497364.752458,
21,1552384658,0.200000,8,144,2,1,24122811.896327,7,80,0,1,24743493.700347,28,160,0,1,20930453.724288,30,160,0,1,21998830.898295,43,164,0,1,19900993.294000,13,176,0,1,20301555.293293,15,200,0,1,21288323.845432,80,172,0,12,23544256.599926,78,152,0,12,24369062.238705,63,172,0,12,24674483.854533,86,140,0,12,25293588.472974,34,164,0,1,19535249.874091,44,156,0,1,19383483.164632,35,168,0,1,21382132.045911,33,100,0,1,22932728.945579,60,112,0,12,26004916.192128,52,136,2,1,22245566.416878,51,104,0,1,23632476.509725,42,60,0,1,24144528.009383,24,96,0,1,24453113.936632,53,88,0,1,23497221.983502,
22,1552384658,0.400000,8,144,2,1,24122882.944888,7,76,0,1,24743623.084986,28,168,0,1,20930450.495998,30,164,0,1,21998932.833742,43,160,0,1,19901074.533489,13,176,0,1,20301563.058640,15,196,0,1,21288259.017873,80,172,0,12,23544244.681427,78,160,0,12,24369137.012888,63,176,0,12,24674441.659907,86,148,0,12,25293677.102630,20,112,0,1,23852832.850617,34,164,0,1,19535286.973254,44,156,0,1,19383435.377210,35,140,0,1,21382014.335467,33,100,0,1,22932898.849624,60,128,0,12,26004808.777312,52,136,2,1,22245540.738882,51,104,0,1,23632591.829489,42,60,0,1,24144685.654650,24,96,0,1,24452974.020786,53,88,0,1,23497079.415223,
22,1552384658,0.600000,8,144,2,1,24122958.312378,7,76,0,1,24743751.518589,28,168,0,1,20930447.346234,30,160,0,1,21999034.324209,43,156,0,1,19901155.511224,13,176,0,1,20301571.059564,15,196,0,1,21288194.216489,80,172,0,12,23544232.649502,78,156,0,12,24369212.188426,63,172,0,12,24674389.693158,86,148,0,12,25293768.288743,20,112,0,1,23852753.338700,34,160,0,1,19535323.924090,44,156,0,1,19383387.485088,35,156,0,1,21381896.694824,33,100,0,1,22933066.790519,60,128,0,12,26004700.882616,52,140,2,1,22245516.465629,51,104,0,1,23632708.013039,42,60,0,1,24144843.404618,24,100,0,1,24452835.274105,53,88,0,1,23496936.428138,
20,1552384658,0.800000,8,152,2,1,24123028.261576,7,76,0,1,24743880.013267,28,168,0,1,20930443.925991,30,160,0,1,21999135.823400,43,164,0,1,19901236.532585,13,176,0,1,20301578.964513,15,196,0,1,21288129.589608,80,172,0,12,23544220.922956,78,156,0,12,24369280.261725,63,172,0,12,24674344.915900,86,148,0,12,25293860.600394,20,112,0,1,23852671.994510,34,160,0,1,19535361.075603,44,160,0,1,19383339.697667,35,156,0,1,21381779.089082,33,100,0,1,22933235.507950,60,128,1,12,26004597.263223,52,140,2,1,22245493.693095,42,60,0,1,24145001.137136,53,84,0,1,23496793.510855,
20,1552384659,0.000000,8,152,2,1,24123104.274725,7,76,0,1,24744010.540896,28,172,0,1,20930440.278895,30,164,0,1,21999237.470918,43,156,0,1,19901317.615022,13,176,0,1,20301586.939263,15,196,0,1,21288064.700973,80,172,0,12,23544208.864855,78,156,0,12,24369350.516302,63,172,0,12,24674293.271980,86,148,0,12,25293948.418615,20,128,0,1,23852593.477255,34,160,0,1,19535398.244567,44,160,0,1,19383291.918970,35,148,0,1,21381661.483339,33,100,0,1,22933404.504583,60,140,0,12,26004497.805707,52,140,2,1,22245467.474143,42,56,0,1,24145158.869654,53,84,0,1,23496652.146641,
21,1552384659,0.200000,8,152,2,1,24123174.712529,7,76,0,1,24744140.675895,28,168,0,1,20930436.823752,30,176,0,1,21999339.144612,43,164,0,1,19901398.592758,13,172,0,1,20301595.088514,15,192,0,1,21287999.864689,80,172,0,12,23544197.051058,78,156,0,12,24369422.672952,63,172,0,12,24674243.442884,86,148,0,12,25294037.048271,20,128,3,1,23852512.778723,34,164,0,1,19535435.369905,44,164,0,1,19383244.253701,35,156,0,1,21381543.886322,33,100,0,1,22933573.344165,60,148,0,12,26004398.618669,52,144,2,1,22245443.698221,42,56,0,1,24145316.471296,24,124,0,1,24452395.956148,53,80,0,1,23496509.709239,
22,1552384659,0.400000,8,152,2,1,24123250.568625,7,76,0,1,24744270.775993,28,168,0,1,20930433.447135,30,172,0,1,21999440.731055,43,164,0,1,19901479.666469,13,172,0,1,20301603.141790,15,192,0,1,21287935.141832,80,172,0,12,23544185.717141,78,156,0,12,24369497.438410,63,172,0,12,24674193.500360,86,148,0,12,25294124.020156,20,140,2,1,23852433.258081,34,168,0,1,19535472.495244,44,164,0,1,19383196.570981,35,156,0,1,21381426.402731,33,100,0,1,22933742.445500,60,148,0,12,26004288.403094,52,148,2,1,22245419.285367,42,56,0,1,24145474.596444,24,124,0,1,24452258.518233,21,56,0,1,26073734.809730,53,80,0,1,23496367.446339,
22,1552384659,0.600000,8,144,2,1,24123323.972966,7,72,0,1,24744400.352585,28,168,0,1,20930430.070518,30,164,0,1,21999542.361123,43,160,0,1,19901560.487153,13,168,0,1,20301611.273591,15,192,0,1,21287870.357898,80,168,0,12,23544173.667766,78,156,0,12,24369571.148130,63,176,0,12,24674142.606800,86,152,0,12,25294213.871328,20,124,2,1,23852351.015205,34,168,0,1,19535509.768909,44,164,0,1,19383148.731209,35,156,0,1,21381308.823164,33,96,0,1,22933912.314645,60,140,0,12,26004182.401746,52,140,2,1,22245392.595259,42,56,0,1,24145631.692029,24,124,0,1,24452124.666338,21,56,0,1,26073817.096232,53,76,0,1,23496225.541168,
21,1552384659,0.800000,8,152,2,1,24123397.970614,7,72,0,1,24744529.807025,28,172,0,1,20930426.405972,30,176,0,1,21999643.965016,43,168,0,1,19901641.403812,13,164,0,1,20301619.161090,15,192,0,1,21287805.600140,80,164,0,12,23544162.264049,78,156,0,12,24369643.409482,63,172,0,12,24674096.738903,86,148,0,12,25294301.733174,20,124,2,1,23852269.295835,34,168,0,1,19535546.920422,44,164,0,1,19383100.943787,35,156,0,1,21381191.103995,33,92,0,1,22934082.297216,60,140,0,12,26004079.462912,52,140,2,1,22245370.485833,42,56,0,1,24145789.005742,21,56,0,1,26073903.335208,53,76,0,1,23496083.147391,
22,1552384660,0.000000,8,144,2,1,24123468.897024,7,68,0,1,24744659.549394,28,164,0,1,20930422.907204,30,168,0,1,21999745.760861,43,168,0,1,19901722.407723,13,164,0,1,20301627.188190,15,196,0,1,21287741.034335,93,112,0,1,39385359.749404,80,172,0,12,23544150.825431,78,148,0,12,24369716.778922,63,172,0,12,24674048.820605,86,148,0,12,25294392.823310,20,128,2,1,23852187.707342,34,164,0,1,19535584.063211,44,164,0,1,19383053.261067,35,152,0,1,21381073.585504,33,92,0,1,22934252.061659,60,140,0,12,26003972.789731,52,140,2,1,22245344.790387,42,52,0,1,24145946.188578,21,60,0,1,26073987.026452,53,76,0,1,23495941.050268,
22,1552384660,0.200000,8,164,2,1,24123545.983361,7,72,0,1,24744789.221962,28,164,0,1,20930419.452061,30,176,0,1,21999847.443279,43,160,0,1,19901803.359283,13,168,0,1,20301635.258916,15,192,0,1,21287676.276577,93,112,0,1,39385365.167697,80,172,0,12,23544139.046534,78,152,0,12,24369793.708207,63,172,0,12,24673998.031746,86,148,0,12,25294482.787908,20,124,2,1,23852107.087336,34,168,0,1,19535621.301975,44,164,0,1,19383005.421296,35,152,0,1,21380956.075737,33,92,0,1,22934422.157656,60,144,0,12,26003866.046749,52,140,2,1,22245321.346020,42,52,0,1,24146103.641893,21,56,0,1,26074072.349292,53,72,0,1,23495798.037009,
22,1552384660,0.400000,8,156,2,1,24123619.553479,7,76,0,1,24744917.428712,28,172,0,1,20930416.049268,30,176,0,1,21999949.265300,43,160,0,1,19901884.214867,13,176,0,1,20301643.224940,15,196,0,1,21287611.422842,93,112,0,1,39385370.045033,80,172,0,12,23544127.171661,78,156,0,12,24369867.758206,63,172,0,12,24673947.199262,86,148,0,12,25294569.210111,20,124,2,1,23852026.135776,34,164,0,1,19535658.488389,44,164,0,1,19382957.747301,35,160,0,1,21380838.496170,33,92,0,1,22934591.695247,60,152,0,12,26003767.941625,52,140,2,1,22245298.547310,42,56,0,1,24146261.252260,21,56,0,1,26074153.990135,53,72,0,1,23495655.390204,
