obsCount, time1, time2, sat, SNR, LLI, code,P
22,1553681721,0.594000,13,172,0,1,20099655.541136,51,104,2,1,21999577.200995,15,132,0,1,19434455.701380,28,176,0,1,20310258.781343,17,184,0,1,20820629.906433,20,152,0,1,21594541.775771,42,148,0,1,21152070.797936,84,140,0,12,21686141.395705,34,140,0,1,18401648.933987,67,144,0,12,20792243.207755,61,148,0,12,22221951.238813,62,84,0,12,24738047.546516,71,148,0,12,23095169.679776,52,136,0,1,19898054.725784,44,148,0,1,18331515.521004,33,100,0,1,21108290.331991,18,136,0,1,22436827.751366,83,104,0,12,24259672.320513,43,136,0,1,17706836.088277,24,152,0,1,19914545.027370,66,144,0,12,24508499.686822,19,124,0,1,21898878.197459,
4,1553681721,0.594000,11,168,0,1,22288361.141785,10,148,0,1,22033547.251428,35,120,0,1,20499019.889897,53,168,0,1,20939303.262448,
22,1553681721,0.794000,13,172,0,1,20099763.592884,51,104,2,1,21999703.575472,15,132,0,1,19434505.120396,28,176,0,1,20310342.158483,17,184,0,1,20820551.066349,20,152,0,1,21594574.320428,42,148,0,1,21152212.929960,84,140,0,12,21686191.896635,34,140,0,1,18401673.887798,67,144,0,12,20792273.344281,61,148,0,12,22221892.414129,62,84,0,12,24738159.873568,71,148,0,12,23095153.660476,52,136,0,1,19898043.156289,44,148,0,1,18331430.695495,33,100,0,1,21108454.713043,18,136,0,1,22436809.568239,83,100,0,12,24259781.960231,43,136,0,1,17706874.304254,24,156,0,1,19914446.625593,66,144,0,12,24508422.713912,19,124,0,1,21898736.239938,
4,1553681721,0.794000,11,168,0,1,22288367.022508,10,152,0,1,22033500.868749,35,120,0,1,20498894.161078,53,168,0,1,20939157.535680,
22,1553681721,0.994000,13,172,0,1,20099871.539931,51,100,2,1,21999831.066763,15,132,0,1,19434555.813279,28,176,0,1,20310425.553074,17,184,0,1,20820472.278616,20,152,0,1,21594606.847633,42,148,0,1,21152355.114334,84,140,0,12,21686242.292864,34,140,0,1,18401698.911411,67,144,0,12,20792303.533158,61,148,0,12,22221833.519644,62,84,0,12,24738272.392572,71,148,0,12,23095137.484124,52,136,0,1,19898031.534444,44,148,0,1,18331345.887437,33,100,0,1,21108618.832340,18,136,0,1,22436791.926069,83,100,0,12,24259891.826802,43,136,0,1,17706912.607482,24,156,0,1,19914348.119113,66,144,0,12,24508345.775902,19,124,0,1,21898594.736122,
4,1553681721,0.994000,11,168,0,1,22288372.938132,10,148,0,1,22033454.363919,35,120,0,1,20498771.800151,53,168,0,1,20939011.861262,
22,1553681722,0.194000,13,172,0,1,20099979.452077,51,100,2,1,21999959.343313,15,132,0,1,19434605.651101,28,176,0,1,20310508.947664,17,184,0,1,20820393.455982,20,152,0,1,21594639.357389,42,148,0,1,21152497.455760,84,140,0,12,21686292.881045,34,140,0,1,18401724.022274,67,144,0,12,20792333.826736,61,148,0,12,22221774.590259,62,84,0,12,24738384.876675,71,148,0,12,23095121.621876,52,136,0,1,19898020.087101,44,148,0,1,18331261.096829,33,104,0,1,21108783.352993,18,136,0,1,22436774.493302,83,100,0,12,24260001.606122,43,136,0,1,17706950.753658,24,156,0,1,19914249.664985,66,144,0,12,24508268.645939,19,124,0,1,21898451.818839,
4,1553681722,0.194000,11,164,0,1,22288378.818856,10,148,0,1,22033408.138292,35,120,0,1,20498648.008307,53,168,0,1,20938866.204295,
22,1553681722,0.394000,13,172,0,1,20100087.364224,51,100,0,1,22000086.154046,15,132,0,1,19434655.663425,28,176,0,1,20310592.394606,17,184,0,1,20820314.493747,20,152,0,1,21594671.814794,42,148,0,1,21152639.727385,84,140,0,12,21686343.242373,34,140,0,1,18401748.993536,67,144,0,12,20792364.102864,61,148,0,12,22221715.625973,62,84,0,12,24738497.657432,71,148,0,12,23095105.602576,52,136,0,1,19898008.639758,44,148,0,1,18331176.288771,33,104,0,1,21108948.344802,18,136,0,1,22436757.008183,83,100,0,12,24260110.722334,43,136,0,1,17706988.917284,24,156,0,1,19914151.106155,66,144,0,12,24508191.690479,19,124,0,1,21898308.570002,
4,1553681722,0.394000,11,164,0,1,22288384.682129,10,148,0,1,22033361.685812,35,120,0,1,20498525.158774,53,168,0,1,20938720.634578,
22,1553681722,0.594000,13,172,0,1,20100195.433422,51,100,0,1,22000212.057367,15,132,0,1,19434705.413996,28,176,0,1,20310675.736845,17,184,0,1,20820235.740914,20,152,0,1,21594704.342000,42,148,0,1,21152782.051361,84,140,0,12,21686393.935256,34,140,0,1,18401774.069498,67,144,0,12,20792394.274290,61,148,0,12,22221656.574436,62,84,0,12,24738609.932133,71,148,0,12,23095089.635627,52,136,0,1,19897997.122615,44,148,0,1,18331091.620315,33,100,0,1,21109113.580914,18,136,0,1,22436740.221074,83,100,0,12,24260220.641255,43,136,0,1,17707027.168161,24,156,0,1,19914052.617126,66,144,0,12,24508114.752469,19,124,0,1,21898165.548017,
4,1553681722,0.594000,11,164,0,1,22288390.475601,10,152,0,1,22033315.442735,35,120,0,1,20498404.507968,53,164,0,1,20938574.960161,
22,1553681722,0.794000,13,172,0,1,20100303.258318,15,132,0,1,19434755.513571,28,176,0,1,20310759.166337,17,184,0,1,20820156.900831,20,152,0,1,21594737.061158,42,148,0,1,21152924.392787,84,140,0,12,21686444.540887,34,140,0,1,18401799.162912,67,144,0,12,20792424.498067,61,148,0,12,22221597.714852,62,84,0,12,24738722.189384,71,148,0,12,23095073.686128,52,132,0,1,19897985.832324,44,144,0,1,18331006.707555,33,100,0,1,21109278.921727,18,136,0,1,22436722.997709,83,104,0,12,24260329.931969,43,132,0,1,17707065.384138,24,156,0,1,19913954.302600,66,144,0,12,24508037.901710,19,124,0,1,21898022.508582,11,164,0,1,22288396.408675,
3,1553681722,0.794000,10,152,0,1,22033269.182208,35,120,0,1,20498284.345769,53,164,0,1,20938429.355544,
22,1553681722,0.994000,13,172,0,1,20100411.222815,15,132,0,1,19434805.246691,28,176,0,1,20310842.752879,17,184,0,1,20820078.078197,20,152,0,1,21594769.623265,42,148,0,1,21153066.699313,84,140,0,12,21686495.059268,34,140,0,1,18401824.378476,67,144,0,12,20792454.896347,61,148,0,12,22221538.907618,62,84,0,12,24738835.441297,71,148,0,12,23095057.614477,52,132,0,1,19897974.402431,44,144,0,1,18330922.021648,33,100,0,1,21109444.122938,18,136,0,1,22436706.053548,83,100,0,12,24260439.309934,43,132,0,1,17707103.582665,24,156,0,1,19913855.900822,66,144,0,12,24507960.876449,19,124,0,1,21897880.324208,11,164,0,1,22288402.394100,
3,1553681722,0.994000,10,152,0,1,22033222.904231,35,120,0,1,20498164.375522,53,164,0,1,20938283.733477,
22,1553681723,0.194000,13,172,0,1,20100519.257113,15,132,0,1,19434855.241565,28,176,0,1,20310926.304522,17,184,0,1,20819999.307914,20,152,0,1,21594802.220271,42,148,0,1,21153209.075639,84,140,0,12,21686545.420596,34,140,0,1,18401849.559140,67,144,0,12,20792485.137574,61,148,0,12,22221479.978233,62,84,0,12,24738947.942851,71,148,0,12,23095041.717329,52,132,0,1,19897962.955088,44,144,0,1,18330837.318291,33,100,0,1,21109610.301362,18,136,0,1,22436688.097274,83,100,0,12,24260548.112041,43,132,0,1,17707141.781191,24,156,0,1,19913757.464143,66,144,0,12,24507884.043140,19,124,0,1,21897738.401587,11,164,0,1,22288408.431875,
3,1553681723,0.194000,10,152,0,1,22033176.713504,35,120,0,1,20498042.328699,53,164,0,1,20938138.163760,
22,1553681723,0.394000,13,172,0,1,20100627.221610,15,136,0,1,19434905.166638,28,176,0,1,20311009.821264,17,184,0,1,20819920.485281,20,152,0,1,21594834.834728,42,148,0,1,21153351.382165,84,140,0,12,21686595.781924,34,140,0,1,18401874.774705,67,144,0,12,20792515.431152,61,144,0,12,22221421.101198,62,88,0,12,24739060.357154,71,148,0,12,23095025.628228,52,132,0,1,19897951.542646,44,144,0,1,18330752.597484,33,100,0,1,21109775.397872,18,140,0,1,22436672.200125,83,100,0,12,24260657.350404,43,128,0,1,17707180.154220,24,156,0,1,19913659.027465,66,144,0,12,24507807.314533,19,124,0,1,21897595.414503,11,164,0,1,22288414.469650,
3,1553681723,0.394000,10,152,0,1,22033130.505328,35,120,0,1,20497921.084586,53,164,0,1,20937992.576594,
22,1553681723,0.594000,13,172,0,1,20100735.238458,15,136,0,1,19434955.178962,28,176,0,1,20311093.372907,17,184,0,1,20819841.680097,20,152,0,1,21594867.327034,42,148,0,1,21153493.828293,84,140,0,12,21686646.090902,34,140,0,1,18401899.815768,67,144,0,12,20792545.620029,61,144,0,12,22221362.241614,62,88,0,12,24739172.701655,71,148,0,12,23095009.783430,52,132,0,1,19897940.008052,44,144,0,1,18330667.789426,33,100,0,1,21109939.063464,18,140,0,1,22436654.732457,83,100,0,12,24260765.855858,43,128,0,1,17707218.474898,24,156,0,1,19913560.660588,66,144,0,12,24507730.079869,19,124,0,1,21897450.106540,11,164,0,1,22288420.455075,
3,1553681723,0.594000,10,152,0,1,22033084.262251,35,120,0,1,20497799.823023,53,164,0,1,20937847.111579,
22,1553681723,0.794000,13,172,0,1,20100843.272756,15,136,0,1,19435005.051684,28,176,0,1,20311176.784947,17,184,0,1,20819762.805113,20,152,0,1,21594899.958941,42,148,0,1,21153636.414022,84,140,0,12,21686696.591832,34,144,0,1,18401925.083683,67,144,0,12,20792575.861256,61,144,0,12,22221303.399479,62,92,0,12,24739285.168309,71,148,0,12,23094993.921183,52,132,0,1,19897928.630510,44,144,0,1,18330582.894117,33,96,0,1,21110104.247225,18,140,0,1,22436638.050049,83,100,0,12,24260873.907607,43,128,0,1,17707256.760676,24,156,0,1,19913462.258810,66,144,0,12,24507653.002258,19,124,0,1,21897308.218819,11,164,0,1,22288426.353249,
3,1553681723,0.794000,10,148,0,1,22033038.106425,35,120,0,1,20497677.462096,53,164,0,1,20937701.768715,
22,1553681723,0.994000,13,172,0,1,20100951.324504,15,136,0,1,19435055.046558,28,176,0,1,20311260.319140,17,184,0,1,20819683.999930,20,152,0,1,21594932.486147,42,148,0,1,21153778.929950,84,140,0,12,21686746.848459,34,144,0,1,18401950.299247,67,144,0,12,20792606.137384,61,144,0,12,22221244.853999,62,92,0,12,24739397.181256,71,148,0,12,23094977.936783,52,132,0,1,19897917.235518,44,144,0,1,18330498.243111,33,96,0,1,21110269.186683,18,140,0,1,22436621.262940,83,100,0,12,24260982.238558,43,124,0,1,17707294.994103,24,152,0,1,19913363.682530,66,144,0,12,24507575.976996,19,124,0,1,21897167.674766,11,164,0,1,22288432.356124,
3,1553681723,0.994000,10,148,0,1,22032991.915698,35,120,0,1,20497553.233996,53,164,0,1,20937556.286250,
22,1553681724,0.194000,13,172,0,1,20101059.219200,15,140,0,1,19435104.954181,28,176,0,1,20311343.626479,17,184,0,1,20819605.124946,20,152,0,1,21594965.030803,42,152,0,1,21153921.445878,84,140,0,12,21686796.982935,34,144,0,1,18401975.514812,67,144,0,12,20792636.483312,61,144,0,12,22221185.994414,62,96,0,12,24739509.682810,71,148,0,12,23094961.882583,52,132,0,1,19897905.910327,44,144,0,1,18330413.539754,33,96,0,1,21110434.091241,18,140,0,1,22436604.528181,83,100,0,12,24261091.110467,43,124,0,1,17707333.227530,24,152,0,1,19913265.228401,66,144,0,12,24507499.196038,19,124,0,1,21897027.462266,11,164,0,1,22288438.411349,
3,1553681724,0.194000,10,148,0,1,22032945.707522,35,120,0,1,20497429.791156,53,164,0,1,20937410.925936,
22,1553681724,0.394000,13,172,0,1,20101167.410550,15,140,0,1,19435154.844353,28,176,0,1,20311427.073420,17,184,0,1,20819526.249962,20,152,0,1,21594997.592909,42,152,0,1,21154063.926906,84,140,0,12,21686847.536216,34,144,0,1,18402000.747827,67,144,0,12,20792667.038644,61,144,0,12,22221127.239531,62,96,0,12,24739622.777671,71,148,0,12,23094946.107586,52,132,0,1,19897894.550235,44,144,0,1,18330328.888747,33,96,0,1,21110600.217314,18,140,0,1,22436587.514219,83,100,0,12,24261198.621258,43,124,0,1,17707371.373706,24,152,0,1,19913166.826624,66,144,0,12,24507422.310379,19,124,0,1,21896887.528970,11,164,0,1,22288444.361873,
3,1553681724,0.394000,10,148,0,1,22032899.394644,35,124,0,1,20497307.604731,53,164,0,1,20937265.548172,
22,1553681724,0.594000,13,172,0,1,20101275.409948,15,140,0,1,19435204.856677,28,176,0,1,20311510.433111,17,184,0,1,20819447.479679,20,152,0,1,21595030.120115,42,152,0,1,21154206.373033,84,140,0,12,21686898.054596,34,144,0,1,18402026.015742,67,144,0,12,20792697.332222,61,144,0,12,22221068.379947,62,96,0,12,24739736.849745,71,148,0,12,23094930.472191,52,132,0,1,19897883.190143,44,144,0,1,18330244.324992,33,96,0,1,21110765.784980,18,140,0,1,22436570.535157,83,100,0,12,24261307.510617,43,124,0,1,17707409.572233,24,152,0,1,19913068.407396,66,144,0,12,24507345.459620,19,124,0,1,21896744.733838,11,164,0,1,22288450.347298,
3,1553681724,0.594000,10,148,0,1,22032853.151567,35,124,0,1,20497182.085315,53,168,0,1,20937120.135508,
22,1553681724,0.794000,13,168,0,1,20101383.548947,15,140,0,1,19435254.834101,28,176,0,1,20311593.967303,17,184,0,1,20819368.639595,20,152,0,1,21595062.734572,42,152,0,1,21154348.801711,84,140,0,12,21686948.503176,34,144,0,1,18402051.388359,67,144,0,12,20792727.486198,61,144,0,12,22221009.485462,62,100,0,12,24739850.223809,71,148,0,12,23094914.714644,52,132,0,1,19897871.882402,44,144,0,1,18330159.586735,33,96,0,1,21110931.404996,18,140,0,1,22436553.503744,83,100,0,12,24261416.033521,43,124,0,1,17707447.735859,24,152,0,1,19912969.988167,66,144,0,12,24507268.870614,19,124,0,1,21896605.690503,11,164,0,1,22288456.367623,
3,1553681724,0.794000,10,148,0,1,22032806.873589,35,124,0,1,20497057.909566,53,168,0,1,20936974.757744,
22,1553681724,0.994000,13,168,0,1,20101491.653046,15,140,0,1,19435304.811525,28,176,0,1,20311677.449145,17,184,0,1,20819289.834412,20,152,0,1,21595095.331579,42,152,0,1,21154491.282739,84,140,0,12,21686998.899405,34,144,0,1,18402076.708625,67,144,0,12,20792757.884477,61,144,0,12,22220950.573527,62,100,0,12,24739963.371021,71,148,0,12,23094898.625543,52,132,0,1,19897860.557211,44,144,0,1,18330074.935729,33,96,0,1,21111096.763259,18,140,0,1,22436536.489782,83,100,0,12,24261524.748378,43,124,0,1,17707485.986736,24,152,0,1,19912871.603840,66,144,0,12,24507191.950055,19,124,0,1,21896461.586605,11,164,0,1,22288462.475199,
3,1553681724,0.994000,10,148,0,1,22032760.682863,35,120,0,1,20496934.449275,53,168,0,1,20936829.327629,
22,1553681725,0.194000,13,168,0,1,20101599.687344,15,140,0,1,19435354.876199,28,176,0,1,20311761.000787,17,184,0,1,20819211.081579,20,152,0,1,21595128.103088,42,152,0,1,21154633.746316,84,140,0,12,21687049.260733,34,148,0,1,18402101.976540,67,144,0,12,20792788.108254,61,144,0,12,22220891.661592,62,100,0,12,24740074.598709,71,148,0,12,23094882.885447,52,132,0,1,19897849.319270,44,144,0,1,18329990.354523,33,96,0,1,21111261.912120,18,140,0,1,22436519.406019,83,100,0,12,24261632.974628,43,124,0,1,17707524.237614,24,152,0,1,19912773.184612,66,144,0,12,24507115.046945,19,124,0,1,21896321.077452,11,164,0,1,22288468.635126,
3,1553681725,0.194000,10,148,0,1,22032714.596838,35,120,0,1,20496813.432015,53,168,0,1,20936683.827714,
22,1553681725,0.394000,13,168,0,1,20101707.791443,15,140,0,1,19435404.801272,28,176,0,1,20311844.500079,17,184,0,1,20819132.346196,20,148,0,1,21595160.839696,42,152,0,1,21154776.244794,84,140,0,12,21687099.848914,34,148,0,1,18402127.401507,67,140,0,12,20792818.384382,61,144,0,12,22220832.924159,62,100,0,12,24740188.025124,71,148,0,12,23094867.023199,52,132,0,1,19897838.046430,44,144,0,1,18329905.703517,33,96,0,1,21111427.846241,18,140,0,1,22436502.304805,83,100,0,12,24261741.759285,43,124,0,1,17707562.453590,24,152,0,1,19912674.765384,66,144,0,12,24507038.108935,19,128,0,1,21896182.662325,11,164,0,1,22288474.585651,
3,1553681725,0.394000,10,148,0,1,22032668.493363,35,120,0,1,20496690.687184,53,168,0,1,20936538.345248,
22,1553681725,0.594000,13,168,0,1,20101815.912992,15,140,0,1,19435454.726345,28,176,0,1,20311928.016821,17,184,0,1,20819053.523563,20,148,0,1,21595193.297101,42,152,0,1,21154918.725822,84,144,0,12,21687150.349844,34,148,0,1,18402152.704323,67,140,0,12,20792848.608159,61,144,0,12,22220773.994774,62,100,0,12,24740301.451540,71,148,0,12,23094851.248202,52,132,0,1,19897826.843390,44,144,0,1,18329821.192112,33,96,0,1,21111593.501158,18,140,0,1,22436485.273393,83,100,0,12,24261850.962748,43,124,0,1,17707600.721918,24,152,0,1,19912576.433407,66,144,0,12,24506961.170925,19,128,0,1,21896042.397475,11,164,0,1,22288480.588525,
3,1553681725,0.594000,10,148,0,1,22032622.337537,35,120,0,1,20496568.448408,53,168,0,1,20936392.915134,
22,1553681725,0.794000,13,172,0,1,20101924.034541,15,140,0,1,19435504.721219,28,176,0,1,20312011.411412,17,184,0,1,20818974.805631,20,148,0,1,21595225.876658,42,152,0,1,21155061.119599,84,144,0,12,21687200.938025,34,148,0,1,18402178.024589,67,140,0,12,20792878.988988,61,144,0,12,22220715.257341,62,100,0,12,24740415.523613,71,148,0,12,23094835.298703,52,132,0,1,19897815.588000,44,144,0,1,18329736.506206,33,96,0,1,21111759.644681,18,140,0,1,22436468.259430,83,104,0,12,24261958.682942,43,124,0,1,17707638.955345,24,152,0,1,19912478.066529,66,144,0,12,24506884.407417,19,128,0,1,21895900.265451,11,164,0,1,22288486.696102,
3,1553681725,0.794000,10,148,0,1,22032576.111910,35,120,0,1,20496445.598875,53,168,0,1,20936247.502469,
22,1553681725,0.994000,13,168,0,1,20102032.033939,15,144,0,1,19435554.768444,28,176,0,1,20312094.788552,17,184,0,1,20818895.982997,20,148,0,1,21595258.595816,42,152,0,1,21155203.618077,84,144,0,12,21687251.630908,34,148,0,1,18402203.467006,67,140,0,12,20792909.439618,61,144,0,12,22220656.485007,62,100,0,12,24740529.560786,71,148,0,12,23094819.506256,52,132,0,1,19897804.280258,44,144,0,1,18329651.925000,33,96,0,1,21111925.910355,18,140,0,1,22436451.210568,83,100,0,12,24262067.781703,43,124,0,1,17707677.171322,24,152,0,1,19912379.437899,66,144,0,12,24506807.609009,19,124,0,1,21895759.442194,11,164,0,1,22288492.681526,
3,1553681725,0.994000,10,148,0,1,22032529.851383,35,124,0,1,20496324.093009,53,168,0,1,20936102.107255,
22,1553681726,0.194000,13,168,0,1,20102140.068237,15,144,0,1,19435604.658616,28,176,0,1,20312178.218043,17,184,0,1,20818817.073113,20,148,0,1,21595291.123022,42,156,0,1,21155346.116555,84,144,0,12,21687302.149288,34,148,0,1,18402228.874523,67,140,0,12,20792939.733196,61,140,0,12,22220597.695224,62,100,0,12,24740643.615409,71,148,0,12,23094803.539307,52,132,0,1,19897793.077219,44,144,0,1,18329567.413596,33,96,0,1,21112091.931727,18,140,0,1,22436434.126805,83,100,0,12,24262175.554248,43,128,0,1,17707715.579251,24,148,0,1,19912280.913969,66,144,0,12,24506730.967653,19,124,0,1,21895615.059093,11,164,0,1,22288498.858903,
4,1553681726,0.194000,10,148,0,1,22032483.730457,35,124,0,1,20496204.489217,58,156,1,1,19869757.943766,53,168,0,1,20935956.712041,
22,1553681726,0.394000,13,168,0,1,20102248.224686,15,144,0,1,19435654.601139,28,176,0,1,20312261.664984,17,184,0,1,20818738.198128,20,148,0,1,21595323.737479,42,156,0,1,21155488.649933,84,144,0,12,21687352.353565,34,148,0,1,18402254.334391,67,140,0,12,20792970.236177,61,140,0,12,22220538.887990,62,100,0,12,24740757.408279,71,148,0,12,23094787.624708,52,132,0,1,19897781.978880,44,148,0,1,18329482.762590,33,96,0,1,21112257.673895,18,140,0,1,22436417.008141,83,100,0,12,24262283.955001,43,128,0,1,17707753.882479,24,148,0,1,19912182.424940,66,144,0,12,24506654.204145,19,124,0,1,21895471.513601,11,164,0,1,22288504.966480,
3,1553681726,0.394000,10,148,0,1,22032437.592082,35,128,0,1,20496082.808849,53,168,0,1,20935811.369177,
22,1553681726,0.594000,13,168,0,1,20102356.328785,15,144,0,1,19435704.613463,28,176,0,1,20312345.181726,17,184,0,1,20818659.410395,20,148,0,1,21595356.404286,42,156,0,1,21155631.148411,84,140,0,12,21687402.645092,34,148,0,1,18402279.672107,67,140,0,12,20793000.686807,61,140,0,12,22220480.010955,62,104,0,12,24740870.433339,71,148,0,12,23094771.919512,52,132,0,1,19897770.740940,44,148,0,1,18329398.111583,33,96,0,1,21112422.281799,18,140,0,1,22436399.994179,83,100,0,12,24262392.198701,43,128,0,1,17707792.185707,24,148,0,1,19912083.848660,66,144,0,12,24506577.301035,19,124,0,1,21895329.538630,11,164,0,1,22288511.039155,
3,1553681726,0.594000,10,148,0,1,22032391.401355,35,128,0,1,20495959.453259,53,168,0,1,20935665.921612,
22,1553681726,0.794000,13,168,0,1,20102464.328183,15,140,0,1,19435754.625787,28,176,0,1,20312428.419265,17,184,0,1,20818580.605212,20,148,0,1,21595388.966393,42,156,0,1,21155773.734141,84,140,0,12,21687453.093672,34,148,0,1,18402305.166875,67,140,0,12,20793031.102536,61,144,0,12,22220421.116470,62,104,0,12,24740982.987244,71,148,0,12,23094756.161966,52,132,0,1,19897759.450649,44,148,0,1,18329313.495478,33,96,0,1,21112588.233370,18,140,0,1,22436382.858065,83,100,0,12,24262500.913558,43,124,0,1,17707830.488935,24,148,0,1,19911985.429432,66,144,0,12,24506500.554978,19,124,0,1,21895188.488520,11,164,0,1,22288517.233983,
3,1553681726,0.794000,10,148,0,1,22032345.280430,35,124,0,1,20495838.104445,53,168,0,1,20935520.421697,
22,1553681726,0.994000,13,168,0,1,20102572.519533,15,140,0,1,19435804.446159,28,172,0,1,20312511.796405,17,184,0,1,20818501.712778,20,144,0,1,21595421.580849,42,156,0,1,21155916.250069,84,140,0,12,21687503.646953,34,148,0,1,18402330.522042,67,140,0,12,20793061.326313,61,144,0,12,22220362.274336,62,104,0,12,24741095.942503,71,148,0,12,23094740.177566,52,132,0,1,19897748.038207,44,148,0,1,18329228.774670,33,96,0,1,21112754.027888,18,140,0,1,22436365.634700,83,100,0,12,24262609.855267,43,124,0,1,17707868.809613,24,148,0,1,19911886.818252,66,144,0,12,24506423.564617,19,124,0,1,21895045.588687,11,164,0,1,22288523.446260,
3,1553681726,0.994000,10,148,0,1,22032299.089703,35,124,0,1,20495715.638817,53,168,0,1,20935375.096284,
22,1553681727,0.194000,13,168,0,1,20102680.641082,15,140,0,1,19435854.301431,28,176,0,1,20312595.260797,17,184,0,1,20818422.890144,20,144,0,1,21595454.265107,42,156,0,1,21156058.678746,84,140,0,12,21687554.043181,34,148,0,1,18402356.016810,67,140,0,12,20793091.480290,61,144,0,12,22220303.484553,62,104,0,12,24741209.648122,71,148,0,12,23094724.158266,52,132,0,1,19897736.713015,44,148,0,1,18329144.193465,33,100,0,1,21112918.723043,18,140,0,1,22436348.516036,83,100,0,12,24262718.221119,43,124,0,1,17707907.130291,24,148,0,1,19911788.364123,66,144,0,12,24506346.801109,19,128,0,1,21894902.462001,11,168,0,1,22288529.571287,
3,1553681727,0.194000,10,148,0,1,22032252.776826,35,124,0,1,20495592.091276,53,168,0,1,20935229.613818,
22,1553681727,0.394000,13,168,0,1,20102788.780081,51,96,0,1,22003263.105787,15,140,0,1,19435904.226504,28,176,0,1,20312678.760089,17,180,0,1,20818344.067511,20,148,0,1,21595487.036616,42,156,0,1,21156201.142324,84,140,0,12,21687604.404510,34,148,0,1,18402381.529028,67,140,0,12,20793121.669166,61,144,0,12,22220244.537717,62,104,0,12,24741322.900035,71,148,0,12,23094708.453070,52,136,0,1,19897725.579776,44,148,0,1,18329059.769312,33,100,0,1,21113083.348398,18,140,0,1,22436331.519524,83,100,0,12,24262826.150716,43,124,0,1,17707945.485870,24,148,0,1,19911689.857644,66,144,0,12,24506270.072502,19,128,0,1,21894759.876272,
4,1553681727,0.394000,11,168,0,1,22288535.696313,10,148,0,1,22032206.586099,35,140,0,1,20495471.265968,53,168,0,1,20935084.253505,
22,1553681727,0.594000,13,164,0,1,20102896.849280,51,96,0,1,22003390.666879,15,140,0,1,19435954.099226,28,180,0,1,20312762.154679,17,184,0,1,20818265.297228,20,148,0,1,21595519.685974,42,156,0,1,21156343.710603,84,140,0,12,21687654.765838,34,156,0,1,18402407.006346,67,140,0,12,20793151.858043,61,140,0,12,22220185.398929,62,108,0,12,24741436.204299,71,148,0,12,23094692.486121,52,136,0,1,19897714.429087,44,156,0,1,18328975.397509,33,100,0,1,21113248.287856,18,140,0,1,22436314.505562,83,100,0,12,24262934.429317,43,124,0,1,17707983.789098,24,136,0,1,19911591.194113,66,144,0,12,24506193.291544,19,124,0,1,21894618.320105,
4,1553681727,0.594000,11,168,0,1,22288541.786439,10,148,0,1,22032160.465174,35,140,0,1,20495354.157557,53,168,0,1,20934938.858290,
22,1553681727,0.794000,13,172,0,1,20103005.092980,51,96,0,1,22003519.030680,15,144,0,1,19436004.024299,28,180,0,1,20312845.496919,17,184,0,1,20818186.718897,20,124,0,1,21595552.300431,42,152,0,1,21156486.052029,84,140,0,12,21687705.301669,34,148,0,1,18402432.623266,67,140,0,12,20793181.732816,61,140,0,12,22220126.539345,62,108,0,12,24741549.648164,71,148,0,12,23094676.763475,52,144,0,1,19897703.348199,44,156,0,1,18328890.955905,33,96,0,1,21113412.983011,18,140,0,1,22436297.334548,83,100,0,12,24263044.801944,43,124,0,1,17708022.127226,24,156,0,1,19911492.862136,66,144,0,12,24506116.597837,19,100,0,1,21894474.984017,
4,1553681727,0.794000,11,172,0,1,22288547.911465,10,148,0,1,22032114.414049,35,148,0,1,20495236.543089,53,168,0,1,20934793.497977,
22,1553681727,0.994000,13,172,0,1,20103113.580984,51,100,0,1,22003649.279106,15,152,0,1,19436053.809770,28,176,0,1,20312928.839159,17,184,0,1,20818108.053316,20,128,0,1,21595584.827636,42,152,0,1,21156628.341104,84,140,0,12,21687756.029452,34,136,0,1,18402457.873731,67,152,0,12,20793212.270697,61,140,0,12,22220067.627410,62,108,0,12,24741664.296095,71,148,0,12,23094660.971028,52,132,0,1,19897692.249861,44,156,0,1,18328806.479401,33,96,0,1,21113577.486213,18,128,0,1,22436280.268235,83,100,0,12,24263155.261823,43,128,0,1,17708060.465355,24,160,0,1,19911394.565060,66,144,0,12,24506039.764528,19,100,0,1,21894331.770080,
4,1553681727,0.994000,11,168,0,1,22288554.088843,10,148,0,1,22032068.223323,35,148,0,1,20495116.625193,53,168,0,1,20934648.050412,
22,1553681728,0.194000,13,172,0,1,20103221.824685,51,104,0,1,22003779.544981,15,152,0,1,19436103.647592,28,176,0,1,20313012.233750,17,184,0,1,20818029.527336,20,108,0,1,21595617.529344,42,156,0,1,21156770.682530,84,148,0,12,21687806.565282,34,136,0,1,18402483.176547,67,148,0,12,20793242.319972,61,144,0,12,22220008.855076,62,112,1,12,24741776.849999,71,152,0,12,23094645.353083,52,132,0,1,19897681.203873,44,148,0,1,18328721.845845,33,92,0,1,21113742.931728,18,128,0,1,22436263.132121,83,100,0,12,24263263.331021,43,140,0,1,17708098.977985,24,160,0,1,19911296.337784,66,144,0,12,24505963.123172,19,124,0,1,21894195.745633,
4,1553681728,0.194000,11,172,0,1,22288560.213869,10,140,0,1,22032021.910445,35,156,0,1,20494996.777097,53,168,0,1,20934502.637747,
22,1553681728,0.394000,13,172,0,1,20103330.207987,51,108,3,1,22003909.601454,15,152,0,1,19436153.590116,28,172,0,1,20313095.593440,17,188,0,1,20817950.861754,20,104,0,1,21595649.620295,42,156,0,1,21156913.093757,84,148,0,12,21687857.170914,34,136,0,1,18402508.444462,67,148,0,12,20793272.735701,61,140,0,12,22219950.030392,62,112,0,12,24741891.620081,71,152,0,12,23094629.578086,52,132,0,1,19897670.053184,44,148,0,1,18328637.316990,33,88,0,1,21113907.714134,18,128,0,1,22436246.118159,83,96,0,12,24263372.133129,43,140,0,1,17708137.246313,24,160,0,1,19911197.970907,66,144,0,12,24505886.254962,19,124,0,1,21894059.808436,
4,1553681728,0.394000,11,164,0,1,22288566.548298,10,140,0,1,22031975.737169,35,156,0,1,20494878.150517,53,168,0,1,20934357.259983,
22,1553681728,0.594000,13,176,0,1,20103438.591290,51,108,2,1,22004038.785416,15,152,0,1,19436203.462838,28,172,0,1,20313178.830979,17,188,0,1,20817872.178722,20,128,0,1,21595680.716583,42,148,0,1,21157055.452634,84,148,0,12,21687907.863796,34,144,0,1,18402533.834529,67,140,0,12,20793303.151431,61,140,0,12,22219891.188258,62,112,0,12,24742004.139085,71,152,0,12,23094613.698388,52,132,0,1,19897658.989746,44,148,0,1,18328552.718335,33,84,0,1,21114072.862995,18,140,0,1,22436229.156547,83,96,0,12,24263482.278903,43,128,0,1,17708175.601891,24,164,0,1,19911099.604029,66,140,0,12,24505809.159900,19,124,0,1,21893917.467010,
4,1553681728,0.594000,11,176,0,1,22288572.620974,10,156,0,1,22031929.720945,35,156,0,1,20494758.145370,53,164,0,1,20934211.794968,
22,1553681728,0.794000,13,176,0,1,20103546.834990,51,108,2,1,22004168.248581,15,132,0,1,19436253.370461,28,164,0,1,20313262.016166,17,188,0,1,20817793.565492,20,140,0,1,21595712.877334,42,148,0,1,21157197.759159,84,156,0,12,21687958.609030,34,144,0,1,18402559.154795,67,148,0,12,20793333.445009,61,148,0,12,22219832.625327,62,112,0,12,24742123.620726,71,156,0,12,23094598.080443,52,136,0,1,19897647.926308,44,148,0,1,18328468.102229,33,80,0,1,21114236.807790,18,136,0,1,22436212.107684,83,96,0,12,24263591.656868,43,128,0,1,17708213.870219,24,164,0,1,19911001.359303,66,140,0,12,24505732.483644,19,120,0,1,21893775.334987,
4,1553681728,0.794000,11,176,0,1,22288578.850702,10,148,0,1,22031883.669820,35,152,0,1,20494640.042296,53,164,0,1,20934066.434654,
22,1553681728,0.994000,13,180,0,1,20103655.148492,51,108,2,1,22004298.008400,15,160,0,1,19436303.295534,28,168,0,1,20313345.218805,17,192,0,1,20817714.899910,20,132,3,1,21595744.287726,42,148,0,1,21157339.960984,84,148,0,12,21688009.389163,34,136,0,1,18402584.457610,67,128,0,12,20793364.000340,61,144,0,12,22219773.922795,62,112,0,12,24742237.064592,71,152,0,12,23094582.253096,52,136,0,1,19897636.862870,44,120,0,1,18328382.962617,33,80,0,1,21114401.433144,18,124,0,1,22436195.041371,83,92,0,12,24263699.603915,43,148,0,1,17708252.225797,24,172,0,1,19910903.114578,66,132,0,12,24505655.650335,19,120,3,1,21893633.778821,
4,1553681728,0.994000,11,172,0,1,22288585.028079,10,148,0,1,22031837.566345,35,152,0,1,20494516.721607,53,164,0,1,20933921.091791,
22,1553681729,0.194000,13,176,0,1,20103763.427093,15,152,0,1,19436353.325308,28,160,0,1,20313428.700646,17,180,0,1,20817636.234328,20,132,2,1,21595777.914296,42,140,0,1,21157482.197708,84,136,0,12,21688060.082046,34,120,0,1,18402611.261145,67,144,0,12,20793394.259018,61,152,0,12,22219715.010860,62,116,0,12,24742343.336418,71,128,0,12,23094566.757302,52,88,0,1,19897625.694730,44,124,0,1,18328297.910255,33,76,0,1,21114566.093399,18,120,0,1,22436177.573703,83,92,0,12,24263808.074468,43,140,0,1,17708290.651177,24,180,0,1,19910805.079254,66,132,0,12,24505579.218381,19,144,2,1,21893487.895000,11,144,0,1,22288591.379958,
3,1553681729,0.194000,10,136,0,1,22031791.672272,35,128,0,1,20494394.639884,53,164,0,1,20933775.783828,
22,1553681729,0.394000,13,176,0,1,20103871.792945,15,168,0,1,19436403.459783,28,172,0,1,20313512.339540,17,184,0,1,20817557.568747,20,132,2,1,21595814.298000,42,136,0,1,21157624.713637,84,148,0,12,21688110.809829,34,120,0,1,18402641.031216,67,144,0,12,20793424.744548,61,152,0,12,22219656.360678,62,120,0,12,24742451.998924,71,124,0,12,23094552.797128,52,88,0,1,19897615.399102,44,136,0,1,18328214.759968,33,72,0,1,21114731.120108,18,120,0,1,22436160.018784,83,92,0,12,24263918.394745,43,148,0,1,17708328.971855,24,180,0,1,19910706.956680,66,132,0,12,24505502.978380,19,136,2,1,21893344.855565,11,140,0,1,22288597.662036,
3,1553681729,0.394000,10,136,0,1,22031745.725849,35,128,0,1,20494275.350196,53,164,0,1,20933630.440964,
22,1553681729,0.594000,13,180,0,1,20103980.193698,15,172,0,1,19436453.733861,28,172,0,1,20313595.769031,17,184,0,1,20817479.007867,20,132,2,1,21595849.477639,42,120,0,1,21157767.177214,84,148,0,12,21688161.537612,34,92,0,1,18402672.703361,67,152,0,12,20793455.107927,61,152,0,12,22219597.588345,62,132,0,12,24742562.738006,71,104,0,12,23094538.732253,52,84,0,1,19897606.115586,44,140,0,1,18328134.105061,33,72,0,1,21114895.030003,18,116,0,1,22436143.109523,83,88,0,12,24264028.331117,43,156,0,1,17708367.501936,24,176,0,1,19910608.903906,66,136,0,12,24505426.546426,19,136,2,1,21893203.264499,11,128,0,1,22288603.961565,
3,1553681729,0.594000,10,136,0,1,22031699.919027,35,132,0,1,20494153.181221,53,156,0,1,20933485.133001,
22,1553681729,0.794000,13,184,0,1,20104088.559550,15,176,0,1,19436503.990488,28,164,0,1,20313679.338124,17,184,0,1,20817400.429536,20,132,2,1,21595884.308273,42,120,0,1,21157909.919995,84,136,0,12,21688212.125793,34,96,0,1,18402703.991602,67,152,0,12,20793485.506206,61,148,0,12,22219538.850912,62,136,0,12,24742674.401949,71,104,0,12,23094523.568014,52,88,0,1,19897596.378364,44,140,0,1,18328044.829747,33,56,0,1,21115058.486193,83,88,0,12,24264138.756095,43,156,0,1,17708405.997116,24,176,0,1,19910510.641730,66,136,0,12,24505350.131923,19,136,2,1,21893059.963311,11,128,0,1,22288610.278544,10,136,0,1,22031654.112206,
2,1553681729,0.794000,35,132,0,1,20494029.022922,53,156,0,1,20933339.790138,
22,1553681729,0.994000,13,184,0,1,20104196.960302,15,176,0,1,19436554.264565,28,164,0,1,20313762.907216,17,184,0,1,20817321.833755,20,112,0,1,21595918.440899,42,120,0,1,21158052.366123,84,136,0,12,21688262.818675,34,120,0,1,18402733.150916,67,152,0,12,20793515.921936,61,152,0,12,22219480.061128,62,136,0,12,24742787.217607,71,104,0,12,23094509.991744,52,88,0,1,19897586.763294,44,140,0,1,18327957.962564,33,52,0,1,21115222.692742,83,92,0,12,24264248.273661,43,156,0,1,17708444.527197,24,168,0,1,19910412.431905,66,116,0,12,24505273.298614,19,132,2,1,21892918.162841,11,124,0,1,22288616.612973,10,140,0,1,22031608.183232,
2,1553681729,0.994000,35,132,0,1,20493905.074025,53,156,0,1,20933194.639226,
22,1553681730,0.194000,13,184,0,1,20104305.326154,15,184,0,1,19436604.451391,28,164,0,1,20313846.406508,17,184,0,1,20817243.063472,20,80,0,1,21595947.373360,42,116,0,1,21158194.794800,84,140,0,12,21688313.476657,34,124,3,1,18402763.584095,67,140,0,12,20793546.459817,61,152,0,12,22219421.323695,62,136,0,12,24742899.754061,71,108,0,12,23094497.287986,52,92,0,1,19897576.642168,44,136,0,1,18327870.397371,83,88,0,12,24264357.756327,43,156,0,1,17708482.900226,24,176,0,1,19910314.134828,66,116,0,12,24505198.681483,19,120,2,1,21892775.036155,11,124,0,1,22288622.929952,10,148,0,1,22031562.271710,35,144,0,1,20493782.346644,
1,1553681730,0.194000,53,156,0,1,20933049.313813,
22,1553681730,0.394000,13,188,0,1,20104413.831608,15,188,0,1,19436654.725469,28,164,0,1,20313929.818549,17,188,0,1,20817164.258289,20,84,0,1,21595974.421198,42,116,0,1,21158337.781884,84,148,0,12,21688364.378943,34,120,2,1,18402795.465643,67,140,0,12,20793576.962797,61,152,0,12,22219362.568812,62,136,0,12,24743008.678320,71,108,0,12,23094482.874106,52,92,0,1,19897566.433791,44,120,0,1,18327782.046919,83,88,0,12,24264469.333019,43,156,0,1,17708521.238354,24,180,0,1,19910215.750501,66,120,0,12,24505127.903400,19,124,2,1,21892630.269149,11,124,0,1,22288629.281831,10,156,0,1,22031516.325286,35,144,0,1,20493659.828665,
1,1553681730,0.394000,53,156,0,1,20932904.075651,
22,1553681730,0.594000,13,192,0,1,20104522.180010,15,188,0,1,19436705.016996,28,164,0,1,20314013.213140,17,188,0,1,20817085.278604,20,84,0,1,21596004.365771,42,116,0,1,21158480.454864,84,148,0,12,21688415.054375,34,120,2,1,18402822.792684,67,140,0,12,20793607.500678,61,152,0,12,22219303.883730,62,136,0,12,24743118.021384,71,112,0,12,23094468.338074,52,92,0,1,19897555.841509,44,116,0,1,18327701.060458,83,84,0,12,24264579.059989,43,152,0,1,17708559.733534,24,180,0,1,19910117.209121,66,120,0,12,24505052.501009,19,124,2,1,21892485.659195,11,124,0,1,22288635.546459,10,156,0,1,22031470.605716,35,144,0,1,20493538.357700,
1,1553681730,0.594000,53,156,0,1,20932758.977090,
22,1553681730,0.794000,13,188,0,1,20104630.563313,15,184,0,1,19436755.256173,28,160,0,1,20314096.625181,17,184,0,1,20817006.246568,42,116,0,1,21158622.778840,84,148,0,12,21688465.712357,34,120,2,1,18402852.894310,67,140,0,12,20793637.951308,61,140,0,12,22219245.250998,62,132,0,12,24743231.849155,71,108,0,12,23094451.411363,52,88,0,1,19897544.900222,44,116,0,1,18327617.753118,18,76,0,1,22436042.142564,83,80,0,12,24264688.141300,43,156,0,1,17708598.193814,24,176,0,1,19910018.877144,66,120,0,12,24504976.627462,19,124,2,1,21892341.398245,11,120,0,1,22288641.671485,10,156,0,1,22031424.641842,35,152,0,1,20493418.544505,
1,1553681730,0.794000,53,156,0,1,20932613.686577,
22,1553681730,0.994000,13,188,0,1,20104738.946615,15,184,0,1,19436805.600051,28,160,0,1,20314180.089572,17,184,0,1,20816927.389034,42,116,0,1,21158765.190067,84,156,0,12,21688516.475040,34,116,2,1,18402882.193225,67,136,0,12,20793668.558990,61,140,0,12,22219186.408864,62,136,0,12,24743350.597886,71,112,0,12,23094430.261699,52,88,0,1,19897533.836784,44,116,0,1,18327534.567931,18,76,0,1,22436026.507168,83,80,0,12,24264796.611853,43,156,0,1,17708636.723895,24,176,0,1,19909920.492817,66,124,0,12,24504896.129608,19,124,2,1,21892197.957455,11,120,0,1,22288647.691811,10,156,0,1,22031378.643068,35,152,0,1,20493298.120552,
1,1553681730,0.994000,53,160,0,1,20932468.553116,
22,1553681731,0.194000,13,188,0,1,20104847.329917,15,184,0,1,19436855.909029,28,164,0,1,20314263.501613,17,184,0,1,20816848.531500,42,116,0,1,21158907.566394,84,156,0,12,21688566.941070,34,116,2,1,18402911.649193,67,136,0,12,20793698.992170,61,140,0,12,22219127.741232,62,136,0,12,24743462.401431,71,112,0,12,23094408.239525,52,88,0,1,19897522.441792,44,116,0,1,18327453.930474,18,80,0,1,22436011.360379,83,80,0,12,24264904.785753,43,156,0,1,17708675.393577,24,176,0,1,19909822.125939,66,124,0,12,24504818.755342,19,124,2,1,21892057.099297,11,120,0,1,22288653.904088,10,156,0,1,22031332.748996,35,152,0,1,20493177.940902,
1,1553681731,0.194000,53,160,3,1,20932323.349855,
22,1553681731,0.394000,13,192,0,1,20104955.765570,15,180,0,1,19436906.043504,28,164,0,1,20314346.896203,17,184,0,1,20816769.656515,42,112,0,1,21159049.785668,84,156,0,12,21688617.511801,34,112,2,1,18402935.555991,67,136,0,12,20793729.425350,61,136,0,12,22219069.003799,62,136,0,12,24743574.937885,71,116,0,12,23094392.220225,52,88,0,1,19897512.268315,44,120,0,1,18327368.895563,33,68,0,1,21116372.103684,18,84,0,1,22435996.143790,83,76,0,12,24265013.954315,43,156,0,1,17708714.150511,24,176,0,1,19909723.776512,66,124,0,12,24504740.944822,19,124,2,1,21891914.949823,11,120,0,1,22288660.151266,10,156,0,1,22031286.820023,
2,1553681731,0.394000,35,152,0,1,20493057.656551,53,160,2,1,20932177.954640,
22,1553681731,0.594000,13,192,0,1,20105064.183773,15,180,0,1,19436956.003478,28,164,0,1,20314430.325694,17,184,0,1,20816690.851332,42,112,0,1,21159192.144545,84,156,0,12,21688668.099982,34,112,2,1,18402961.260162,67,136,0,12,20793759.841079,61,136,0,12,22219010.056964,62,136,0,12,24743692.674505,71,116,0,12,23094370.704106,52,88,0,1,19897501.885435,44,120,0,1,18327285.675475,33,72,0,1,21116535.891428,18,84,0,1,22435981.119152,83,76,0,12,24265122.477219,43,156,0,1,17708752.663142,24,176,0,1,19909625.444535,66,124,0,12,24504665.210877,19,120,2,1,21891770.863376,11,120,0,1,22288664.845375,10,156,0,1,22031240.786348,
2,1553681731,0.594000,35,152,0,1,20492938.157460,53,160,2,1,20932032.803729,
22,1553681731,0.794000,13,192,0,1,20105172.619426,15,180,0,1,19437006.033252,28,164,0,1,20314513.720285,17,184,0,1,20816612.185751,42,112,0,1,21159334.555772,84,156,0,12,21688718.548562,34,108,0,1,18402989.040909,67,136,0,12,20793790.344060,61,136,0,12,22218951.040327,62,136,0,12,24743806.764028,71,116,0,12,23094353.812295,52,92,0,1,19897492.462318,44,124,0,1,18327202.821841,33,76,0,1,21116700.010725,18,84,0,1,22435964.995151,83,76,0,12,24265231.192076,43,156,0,1,17708791.297924,24,176,0,1,19909527.164909,66,124,0,12,24504586.964100,19,120,2,1,21891631.854941,11,120,0,1,22288671.563708,10,156,0,1,22031194.944626,
2,1553681731,0.794000,35,156,0,1,20492817.873109,53,160,2,1,20931887.495766,
22,1553681731,0.994000,13,188,0,1,20105280.985278,15,176,0,1,19437056.254979,28,160,0,1,20314597.219577,17,184,0,1,20816533.537619,42,112,0,1,21159476.670345,84,152,0,12,21688769.014592,34,108,0,1,18403015.896794,67,132,0,12,20793820.829590,61,132,0,12,22218892.372695,62,132,0,12,24743923.471084,71,116,0,12,23094338.403753,52,92,0,1,19897482.602945,44,124,0,1,18327119.130597,33,76,0,1,21116864.496478,18,84,0,1,22435949.289955,83,72,0,12,24265340.221036,43,160,0,1,17708829.828004,24,172,0,1,19909428.920183,66,120,0,12,24504507.495809,19,116,2,1,21891491.590091,11,116,0,1,22288676.589371,10,152,0,1,22031149.050554,
2,1553681731,0.994000,35,156,0,1,20492694.534971,53,160,2,1,20931742.362305,
22,1553681732,0.194000,13,188,0,1,20105389.420932,15,172,0,1,19437106.232402,28,164,0,1,20314680.701418,17,184,0,1,20816454.732436,42,112,0,1,21159619.081572,84,152,0,12,21688819.951777,34,104,0,1,18403042.194272,67,132,0,12,20793851.297671,61,132,0,12,22218833.687613,62,132,0,12,24744035.344430,71,116,0,12,23094316.992336,52,92,0,1,19897471.679108,44,124,0,1,18327032.106361,33,80,0,1,21117028.860079,18,84,0,1,22435933.811612,83,68,0,12,24265449.075494,43,160,0,1,17708868.602388,24,172,0,1,19909330.623106,66,120,0,12,24504431.587361,19,116,2,1,21891349.231215,11,120,0,1,22288685.192328,10,152,0,1,22031103.278632,
2,1553681732,0.194000,35,156,0,1,20492572.086793,53,160,2,1,20931597.106693,
22,1553681732,0.394000,13,188,0,1,20105497.751883,15,172,0,1,19437156.297077,28,164,0,1,20314764.253061,17,184,0,1,20816376.119205,42,112,0,1,21159761.248496,84,152,0,12,21688870.697010,34,100,0,1,18403067.444737,67,132,0,12,20793881.765751,61,132,0,12,22218774.601176,62,136,0,12,24744147.985586,71,116,0,12,23094298.896460,52,96,0,1,19897461.366030,44,124,0,1,18326946.390891,33,80,0,1,21117193.136429,18,88,0,1,22435917.181554,83,68,0,12,24265557.214494,43,160,0,1,17708907.202270,24,172,0,1,19909232.326030,66,124,0,12,24504351.368711,19,116,2,1,21891206.732736,11,124,0,1,22288695.487957,10,152,0,1,22031057.471811,
2,1553681732,0.394000,35,156,0,1,20492451.086983,53,160,2,1,20931451.851080,
22,1553681732,0.594000,13,188,0,1,20105605.908333,15,176,0,1,19437206.379202,28,164,0,1,20314847.769803,17,184,0,1,20816297.558325,42,112,0,1,21159903.310719,84,152,0,12,21688921.494594,34,100,0,1,18403089.484362,67,132,0,12,20793912.251281,61,132,0,12,22218715.828842,62,136,0,12,24744261.272399,71,116,0,12,23094285.773896,52,100,0,1,19897450.564345,44,124,0,1,18326860.797573,33,84,0,1,21117356.557718,18,88,0,1,22435900.289744,83,68,0,12,24265665.615246,43,160,0,1,17708945.784701,24,172,0,1,19909134.046404,66,124,0,12,24504273.872294,19,116,2,1,21891069.172670,11,124,0,1,22288702.258641,10,152,0,1,22031011.403236,
2,1553681732,0.594000,35,156,0,1,20492327.958246,53,160,2,1,20931306.473316,
22,1553681732,0.794000,13,188,0,1,20105714.134583,15,176,0,1,19437256.478777,28,164,0,1,20314931.251645,17,184,0,1,20816218.822942,42,112,0,1,21160045.215889,84,152,0,12,21688972.257278,34,96,0,1,18403118.434273,67,132,0,12,20793942.649560,61,128,0,12,22218657.039059,62,132,0,12,24744373.320248,71,116,0,12,23094270.313003,52,100,0,1,19897439.151903,44,124,0,1,18326776.530472,33,84,0,1,21117520.083708,18,92,0,1,22435884.689249,83,64,0,12,24265773.701895,43,164,0,1,17708984.349683,24,172,0,1,19909035.696976,66,124,0,12,24504194.875158,19,112,2,1,21890924.423114,11,124,0,1,22288704.806373,10,152,0,1,22030965.596414,
2,1553681732,0.794000,35,156,0,1,20492205.510069,53,160,2,1,20931161.235154,
22,1553681732,0.994000,13,188,0,1,20105822.343383,15,172,0,1,19437306.560902,28,164,0,1,20315014.785837,17,184,0,1,20816140.506365,42,116,0,1,21160187.487514,84,152,0,12,21689022.985061,34,92,0,1,18403146.302271,67,132,0,12,20793973.030389,61,128,0,12,22218598.022422,62,132,0,12,24744487.898377,71,120,0,12,23094254.904461,52,104,0,1,19897430.007988,44,128,0,1,18326692.385522,33,84,0,1,21117682.475434,18,92,0,1,22435869.263256,83,64,0,12,24265882.713405,43,164,0,1,17709023.019365,24,172,0,1,19908937.312649,66,124,0,12,24504119.821771,19,112,2,1,21890780.860173,11,120,0,1,22288715.991963,10,152,0,1,22030919.632541,
2,1553681732,0.994000,35,156,0,1,20492084.213605,53,160,2,1,20931016.136594,
22,1553681733,0.194000,13,188,0,1,20105930.569634,15,168,0,1,19437356.485975,28,168,0,1,20315098.372380,17,180,0,1,20816061.910584,42,116,0,1,21160330.212845,84,160,0,12,21689073.765194,34,88,0,1,18403175.077680,67,128,0,12,20794003.463569,61,128,0,12,22218539.093037,62,136,0,12,24744601.743598,71,120,0,12,23094241.415443,52,104,0,1,19897419.136503,44,128,0,1,18326605.431087,33,84,0,1,21117846.420230,18,92,0,1,22435854.709775,83,68,0,12,24265991.480612,43,164,0,1,17709061.619247,24,176,0,1,19908838.806170,66,128,0,12,24504042.325354,19,116,2,1,21890641.363132,11,120,0,1,22288722.221690,10,152,0,1,22030873.651217,
2,1553681733,0.194000,35,156,0,1,20491962.707739,53,164,2,1,20930870.898431,
22,1553681733,0.394000,13,184,0,1,20106039.022737,15,176,0,1,19437406.428498,28,168,0,1,20315181.958923,17,172,0,1,20815983.157752,42,116,0,1,21160472.624072,84,160,0,12,21689124.597678,34,88,0,1,18403204.446396,67,132,0,12,20794033.792048,61,128,0,12,22218480.338154,62,132,0,12,24744715.204913,71,120,0,12,23094221.644346,52,112,3,1,19897410.463745,44,128,0,1,18326523.100960,33,84,0,1,21118009.422714,18,92,0,1,22435839.353583,83,68,0,12,24266100.561923,43,164,0,1,17709100.219128,24,176,0,1,19908740.439292,66,124,0,12,24503965.195392,19,116,2,1,21890498.149195,11,120,0,1,22288725.973487,10,152,0,1,22030827.757144,
2,1553681733,0.394000,35,156,0,1,20491840.748167,53,164,2,1,20930725.625369,
22,1553681733,0.594000,13,184,0,1,20106147.440940,15,176,0,1,19437456.405922,28,164,0,1,20315265.475665,17,168,0,1,20815904.422369,42,116,0,1,21160615.227252,84,160,0,12,21689175.377812,34,84,0,1,18403235.001728,67,132,0,12,20794064.312478,61,148,0,12,22218421.426219,62,136,0,12,24744829.992446,71,120,0,12,23094213.076289,52,112,2,1,19897401.162778,44,128,0,1,18326441.730594,33,88,0,1,21118172.896354,18,88,0,1,22435824.102093,83,68,0,12,24266208.962676,43,164,0,1,17709138.888811,24,172,0,1,19908642.089865,66,124,0,12,24503885.255944,19,120,2,1,21890357.640042,11,124,0,1,22288734.768397,10,152,0,1,22030781.863072,
2,1553681733,0.594000,35,156,0,1,20491719.207401,53,164,2,1,20930580.230154,
22,1553681733,0.794000,13,184,0,1,20106255.824242,15,172,0,1,19437506.348445,28,164,0,1,20315348.957507,17,164,0,1,20815825.669537,42,120,0,1,21160757.411626,84,160,0,12,21689225.983444,34,84,0,1,18403265.923513,67,132,0,12,20794094.850360,61,148,0,12,22218362.444483,62,132,0,12,24744946.856554,71,120,0,12,23094198.435557,52,116,2,1,19897394.392094,44,132,0,1,18326354.217752,33,88,0,1,21118336.335093,18,84,0,1,22435809.356659,83,68,0,12,24266319.108450,43,164,0,1,17709177.575944,24,172,0,1,19908543.635736,66,124,0,12,24503813.326147,19,124,2,1,21890217.951049,11,124,0,1,22288740.020913,10,152,0,1,22030736.021350,
2,1553681733,0.794000,35,156,0,1,20491597.247829,53,164,2,1,20930435.218845,
22,1553681733,0.994000,13,184,0,1,20106363.910891,15,156,0,1,19437556.168817,28,164,0,1,20315432.509149,17,164,0,1,20815746.934154,42,136,0,1,21160898.758389,84,160,0,12,21689276.606525,34,84,0,1,18403294.088165,67,116,0,12,20794125.283539,61,156,0,12,22218303.672149,62,132,0,12,24745061.452134,71,124,0,12,23094182.276655,52,120,2,1,19897382.491046,44,136,0,1,18326270.456707,33,88,0,1,21118499.616780,18,84,0,1,22435792.447398,83,68,0,12,24266428.538766,43,164,0,1,17709216.123475,24,172,0,1,19908445.146708,66,124,0,12,24503733.491401,19,124,2,1,21890078.541259,11,124,0,1,22288746.686896,10,152,0,1,22030690.197078,
2,1553681733,0.994000,35,148,0,1,20491475.358058,53,164,2,1,20930290.015583,
22,1553681734,0.194000,13,168,0,1,20106471.997540,15,160,0,1,19437606.058989,28,172,0,1,20315515.851389,17,172,0,1,20815667.954469,42,140,0,1,21161042.129378,84,160,0,12,21689327.194706,34,88,0,1,18403313.143803,67,144,0,12,20794154.844208,61,132,0,12,22218238.408335,62,88,0,12,24745175.332255,71,124,0,12,23094166.030502,52,120,2,1,19897371.340356,44,132,0,1,18326188.405783,33,88,0,1,21118664.015282,18,88,0,1,22435776.288496,83,64,0,12,24266537.951631,43,140,0,1,17709254.740806,24,156,0,1,19908346.535527,66,136,0,12,24503659.153473,19,128,2,1,21889940.300634,11,140,0,1,22288749.932636,10,120,0,1,22030644.233205,
2,1553681734,0.194000,35,100,0,1,20491353.032032,53,164,2,1,20930144.655269,
22,1553681734,0.394000,13,164,0,1,20106580.049288,15,148,0,1,19437656.018962,28,172,0,1,20315599.245980,17,160,0,1,20815589.079484,20,132,0,1,21596633.149467,42,148,0,1,21161183.685545,84,152,0,12,21689377.835238,34,84,0,1,18403329.040951,67,116,0,12,20794177.529491,61,132,0,12,22218178.955443,62,88,0,12,24745290.957398,71,124,0,12,23094142.507609,52,136,2,1,19897361.987040,44,144,0,1,18326104.662189,33,88,0,1,21118827.803026,18,92,0,1,22435759.274534,83,64,0,12,24266647.207444,43,144,0,1,17709293.288337,24,148,0,1,19908248.011598,66,136,0,12,24503581.185900,19,128,2,1,21889799.913633,11,148,0,1,22288754.853598,
3,1553681734,0.394000,10,124,0,1,22030598.757937,35,124,0,1,20491229.257637,53,172,0,1,20929999.434557,
22,1553681734,0.594000,13,164,0,1,20106688.170837,15,136,0,1,19437705.996386,28,172,0,1,20315682.658021,17,160,0,1,20815510.169600,20,132,0,1,21596656.829413,42,148,0,1,21161327.021633,84,152,0,12,21689428.214017,34,116,0,1,18403347.956987,67,116,0,12,20794206.828407,61,132,0,12,22218120.828768,62,88,0,12,24745406.966445,71,124,0,12,23094132.369032,52,136,2,1,19897348.131567,44,144,0,1,18326019.278273,33,88,0,1,21118990.543756,18,100,0,1,22435741.911567,83,60,0,12,24266756.794812,43,144,0,1,17709331.923119,24,156,0,1,19908149.627270,66,136,0,12,24503507.982237,19,132,2,1,21889658.148064,11,148,0,1,22288759.634957,
3,1553681734,0.594000,10,124,3,1,22030553.195419,35,140,3,1,20491102.080450,53,172,0,1,20929854.126594,
22,1553681734,0.794000,13,164,0,1,20106796.344737,15,136,0,1,19437755.991260,28,172,0,1,20315766.122412,17,160,0,1,20815431.312066,20,128,0,1,21596676.513258,42,152,0,1,21161469.589912,84,152,0,12,21689478.732397,34,116,0,1,18403366.541469,67,116,0,12,20794232.637279,61,136,0,12,22218055.250850,62,88,0,12,24745524.162107,71,124,0,12,23094113.470446,52,136,2,1,19897337.033228,44,144,0,1,18325931.905033,33,92,0,1,21119152.987833,18,100,0,1,22435724.792904,83,60,0,12,24266865.928474,43,144,0,1,17709370.470650,24,152,0,1,19908051.138241,66,132,0,12,24503429.752911,19,132,2,1,21889518.319469,11,152,0,1,22288764.643170,
3,1553681734,0.794000,10,124,2,1,22030510.110831,35,140,2,1,20490975.409320,53,172,3,1,20929708.783731,
22,1553681734,0.994000,13,164,0,1,20106904.448836,15,124,0,1,19437806.055935,28,172,0,1,20315849.604254,17,160,0,1,20815352.332380,20,124,3,1,21596708.325005,42,152,0,1,21161611.983689,84,152,0,12,21689529.407830,34,80,0,1,18403393.013449,67,116,0,12,20794260.243523,61,136,0,12,22217996.181863,62,92,0,12,24745641.811475,71,124,0,12,23094098.567960,52,136,2,1,19897326.388595,44,144,0,1,18325847.288927,33,92,0,1,21119315.815815,18,104,0,1,22435707.674240,83,56,0,12,24266974.905083,43,148,0,1,17709408.983281,24,152,0,1,19907952.527061,66,132,0,12,24503351.366533,19,132,2,1,21889378.159320,11,152,0,1,22288770.227239,
3,1553681734,0.994000,10,124,2,1,22030464.216758,35,140,2,1,20490849.942254,53,172,2,1,20929563.597919,
22,1553681735,0.194000,13,164,0,1,20107012.605285,15,124,0,1,19437856.120609,28,172,0,1,20315933.086095,17,160,0,1,20815273.335245,20,124,2,1,21596740.817311,42,148,0,1,21161753.068699,84,152,0,12,21689579.629556,34,76,0,1,18403418.281365,67,116,0,12,20794293.939894,61,136,0,12,22217938.822997,62,92,0,12,24745755.220441,71,128,0,12,23094084.031929,52,136,2,1,19897315.098305,44,144,0,1,18325762.393618,33,92,0,1,21119480.127065,18,104,3,1,22435691.218685,83,56,0,12,24267082.503126,43,148,0,1,17709447.600613,24,152,0,1,19907854.038032,66,132,0,12,24503277.499761,19,132,2,1,21889238.540128,11,152,0,1,22288777.800634,
3,1553681735,0.194000,10,124,2,1,22030419.003244,35,144,2,1,20490725.592003,53,168,2,1,20929418.342307,
22,1553681735,0.394000,13,164,0,1,20107120.709384,15,136,0,1,19437906.185284,28,172,0,1,20316016.585387,17,160,0,1,20815194.477711,20,124,2,1,21596769.557819,42,148,0,1,21161895.008770,84,152,0,12,21689630.008335,34,80,0,1,18403443.392228,67,116,0,12,20794328.404074,61,136,0,12,22217878.357992,62,92,0,12,24745871.124787,71,124,0,12,23094064.697088,52,136,2,1,19897304.889927,44,144,0,1,18325677.463408,33,92,0,1,21119643.775207,18,104,2,1,22435674.291974,83,48,0,12,24267190.938779,43,148,0,1,17709486.025992,24,160,0,1,19907755.496652,66,132,0,12,24503200.614102,19,136,2,1,21889096.233602,11,152,0,1,22288785.251877,
3,1553681735,0.394000,10,120,2,1,22030375.168297,35,144,2,1,20490602.236413,53,168,2,1,20929272.999443,
22,1553681735,0.594000,13,164,0,1,20107228.848383,15,136,0,1,19437956.092907,28,172,0,1,20316100.154480,17,160,0,1,20815115.637627,20,120,2,1,21596803.009887,42,148,0,1,21162035.919279,84,152,0,12,21689680.648867,34,84,0,1,18403465.431853,67,116,0,12,20794352.816928,61,136,0,12,22217821.191079,62,92,0,12,24745984.952557,71,128,0,12,23094050.143606,52,136,2,1,19897292.953978,44,140,0,1,18325593.318458,33,88,0,1,21119807.650202,18,108,2,1,22435658.045821,83,44,0,12,24267298.589172,43,152,0,1,17709524.817826,24,160,0,1,19907656.920372,66,136,0,12,24503123.833144,19,136,2,1,21888955.305644,11,152,0,1,22288791.830609,
3,1553681735,0.594000,10,116,2,1,22030331.071597,35,144,2,1,20490480.224491,53,168,2,1,20929127.761281,
22,1553681735,0.794000,13,164,0,1,20107337.126985,15,124,0,1,19438006.105231,28,172,0,1,20316183.671222,17,160,0,1,20815036.867344,20,120,2,1,21596829.865772,42,148,0,1,21162177.091540,84,152,0,12,21689731.149797,34,116,0,1,18403484.243188,67,116,0,12,20794382.744052,61,136,0,12,22217764.251019,62,92,0,12,24746100.769652,71,128,0,12,23094033.845103,52,140,2,1,19897283.687913,44,140,0,1,18325508.562751,33,88,0,1,21119971.455396,18,108,2,1,22435641.625166,83,40,0,12,24267406.710721,43,152,0,1,17709563.417708,24,156,0,1,19907558.466244,66,136,0,12,24503048.308601,19,136,2,1,21888812.493062,11,152,0,1,22288795.425354,
3,1553681735,0.794000,10,92,2,1,22030285.561429,35,144,2,1,20490355.717187,53,168,2,1,20928982.610370,
22,1553681735,0.994000,13,164,0,1,20107445.423036,15,140,0,1,19438056.204806,28,172,0,1,20316267.257765,17,160,0,1,20814958.166862,20,124,2,1,21596873.247013,42,148,0,1,21162319.223564,84,152,0,12,21689781.703078,34,132,0,1,18403498.814119,67,116,0,12,20794412.304721,61,136,0,12,22217702.232945,62,92,0,12,24746215.853838,71,128,0,12,23094021.263496,52,140,2,1,19897270.966704,44,144,0,1,18325424.452701,33,88,0,1,21120135.627044,18,108,2,1,22435624.925308,83,44,0,12,24267514.099361,43,152,0,1,17709601.930339,24,156,0,1,19907459.959765,66,136,0,12,24502972.016249,19,136,2,1,21888674.985346,11,152,0,1,22288801.480579,
3,1553681735,0.994000,10,88,2,1,22030241.342577,35,140,2,1,20490232.169646,53,168,2,1,20928837.424558,
22,1553681736,0.194000,13,156,0,1,20107553.614386,15,124,0,1,19438106.234580,28,172,0,1,20316350.844308,17,156,0,1,20814879.344229,20,140,2,1,21596908.810557,42,148,0,1,21162462.036146,84,152,0,12,21689832.134207,34,132,3,1,18403517.642904,67,116,0,12,20794438.724350,61,136,0,12,22217642.640451,62,92,0,12,24746327.535232,71,128,0,12,23094003.970330,52,140,2,1,19897260.287171,44,144,0,1,18325340.133249,33,88,0,1,21120299.833593,18,108,2,1,22435609.080510,83,44,0,12,24267622.028958,43,152,0,1,17709640.617471,24,156,0,1,19907361.557987,66,136,0,12,24502897.660872,19,136,1,1,21888533.900335,11,152,0,1,22288808.059312,
3,1553681736,0.194000,10,88,0,1,22030192.132963,35,140,3,1,20490108.761706,53,168,2,1,20928692.168946,
22,1553681736,0.394000,13,160,0,1,20107661.840636,15,128,0,1,19438156.334155,28,172,0,1,20316434.500652,17,156,0,1,20814800.451794,20,140,2,1,21596942.506927,42,148,0,1,21162601.934541,84,152,0,12,21689882.739838,34,136,2,1,18403534.901170,67,112,0,12,20794470.309244,61,136,0,12,22217583.047958,62,96,0,12,24746443.230175,71,128,0,12,23093991.353823,52,140,2,1,19897250.445248,44,140,0,1,18325256.407104,33,88,0,1,21120463.987791,18,108,2,1,22435591.961846,43,152,0,1,17709679.182452,24,156,0,1,19907263.016607,66,136,0,12,24502818.262381,19,136,0,1,21888393.042178,11,152,0,1,22288814.184338,10,92,0,1,22030143.865661,
2,1553681736,0.394000,35,140,2,1,20489987.884048,53,168,2,1,20928546.791182,
22,1553681736,0.594000,13,160,0,1,20107770.084337,51,100,0,1,22009170.754851,15,128,0,1,19438206.363930,28,172,0,1,20316518.087195,17,156,0,1,20814721.698961,20,140,2,1,21596978.105371,42,148,0,1,21162745.829037,84,152,0,12,21689933.380370,34,136,2,1,18403557.481751,67,116,0,12,20794507.181554,61,136,0,12,22217525.514590,62,92,0,12,24746557.947907,71,128,0,12,23093972.821691,52,140,2,1,19897239.381810,44,140,0,1,18325171.110440,33,88,0,1,21120627.653384,18,108,2,1,22435575.959997,43,152,0,1,17709717.834685,24,156,0,1,19907164.457777,66,136,0,12,24502741.062618,19,136,0,1,21888251.137007,11,152,0,1,22288820.448966,
3,1553681736,0.594000,10,92,0,1,22030094.900350,35,140,2,1,20489867.931251,53,168,2,1,20928401.518119,
22,1553681736,0.794000,13,160,0,1,20107878.432739,51,100,0,1,22009298.455545,15,128,0,1,19438256.446054,28,172,0,1,20316601.673738,17,156,0,1,20814642.911228,20,140,2,1,21597014.593777,42,148,0,1,21162886.565043,84,152,0,12,21689983.671898,34,140,2,1,18403578.195160,67,116,0,12,20794536.079115,61,136,0,12,22217465.660343,62,96,0,12,24746671.845478,71,128,0,12,23093961.671002,52,140,2,1,19897226.904904,44,140,0,1,18325087.227243,33,84,0,1,21120791.179374,18,112,2,1,22435559.696394,43,152,0,1,17709756.504367,24,152,0,1,19907065.898948,66,140,0,12,24502664.578313,19,136,0,1,21888108.341875,11,156,0,1,22288826.277339,
3,1553681736,0.794000,10,92,0,1,22030044.155117,35,140,2,1,20489744.715263,53,168,2,1,20928256.175255,
22,1553681736,0.994000,13,160,0,1,20107986.728790,51,100,0,1,22009426.714645,15,132,0,1,19438306.528179,28,172,0,1,20316685.173030,17,156,0,1,20814564.123495,20,140,2,1,21597051.274134,42,148,0,1,21163028.382962,84,152,0,12,21690034.399681,34,140,2,1,18403599.466975,67,120,0,12,20794569.286879,61,136,0,12,22217407.498767,62,96,0,12,24746785.603447,71,128,0,12,23093948.339036,52,140,2,1,19897214.707202,44,140,0,1,18325003.466198,33,84,0,1,21120955.874529,18,112,2,1,22435543.572392,43,152,0,1,17709795.243851,24,152,0,1,19906967.497170,66,140,0,12,24502586.959745,19,132,0,1,21887967.867623,11,156,0,1,22288833.013123,
3,1553681736,0.994000,10,92,0,1,22029994.247494,35,140,2,1,20489622.999995,53,168,2,1,20928110.937093,
22,1553681737,0.194000,13,160,0,1,20108095.042292,51,100,0,1,22009554.624741,15,132,0,1,19438356.767356,28,172,0,1,20316768.707222,17,156,0,1,20814485.440464,20,140,2,1,21597082.893929,42,148,0,1,21163169.188769,84,152,0,12,21690084.935511,34,140,2,1,18403625.467800,67,124,0,12,20794602.442293,61,148,0,12,22217358.742859,62,92,0,12,24746899.919824,71,128,0,12,23093929.527701,52,140,2,1,19897203.382011,44,140,0,1,18324919.425949,33,84,0,1,21121119.993827,18,112,2,1,22435526.558430,43,152,0,1,17709833.826282,24,152,0,1,19906869.025591,66,136,0,12,24502509.515678,19,132,0,1,21887825.561097,11,156,0,1,22288839.783807,
3,1553681737,0.194000,10,92,0,1,22029947.690313,35,144,2,1,20489501.371977,53,164,2,1,20927965.646580,
22,1553681737,0.394000,13,160,0,1,20108203.355793,51,104,0,1,22009683.320097,15,132,0,1,19438406.814581,28,172,0,1,20316852.433367,17,156,0,1,20814406.670181,20,140,2,1,21597119.434685,42,148,0,1,21163311.268442,84,152,0,12,21690135.488792,34,140,2,1,18403652.934442,67,124,0,12,20794625.179927,61,144,0,12,22217302.291404,62,96,0,12,24747014.026798,71,128,0,12,23093914.869518,52,140,2,1,19897192.737378,44,140,0,1,18324835.350800,33,84,0,1,21121283.450016,18,112,2,1,22435510.033074,43,152,0,1,17709872.565765,24,152,0,1,19906770.536562,66,136,0,12,24502432.979023,19,132,0,1,21887683.394173,11,156,0,1,22288846.537042,
3,1553681737,0.394000,10,96,0,1,22029897.782690,35,156,2,1,20489378.993600,53,164,2,1,20927820.408418,
22,1553681737,0.594000,13,160,0,1,20108311.651844,51,104,0,1,22009811.299994,15,136,0,1,19438456.914156,28,172,0,1,20316936.037360,17,156,0,1,20814327.952248,20,124,2,1,21597152.851852,42,148,0,1,21163454.028674,84,152,0,12,21690185.989722,34,140,2,1,18403677.294946,67,124,0,12,20794656.729921,61,136,0,12,22217244.426482,62,96,0,12,24747128.919031,71,128,0,12,23093899.094522,52,140,2,1,19897180.417524,44,140,0,1,18324750.699794,33,84,0,1,21121446.818955,18,112,2,1,22435492.739908,83,40,0,12,24268385.999491,43,152,0,1,17709911.235448,24,144,0,1,19906671.925382,66,136,0,12,24502355.726909,19,132,0,1,21887540.145336,
4,1553681737,0.594000,11,156,0,1,22288854.127886,10,96,0,1,22029851.295310,35,156,2,1,20489259.337457,53,164,2,1,20927674.978303,
22,1553681737,0.794000,13,160,0,1,20108420.035147,51,104,0,1,22009939.436943,15,136,0,1,19438506.961380,28,172,0,1,20317019.571552,17,156,0,1,20814249.164515,20,140,2,1,21597185.553560,42,148,0,1,21163595.602290,84,152,0,12,21690236.752406,34,140,2,1,18403703.487723,67,124,0,12,20794683.830109,61,136,0,12,22217188.707937,62,96,0,12,24747242.746802,71,128,0,12,23093884.104784,52,140,2,1,19897170.261497,44,140,0,1,18324667.479706,33,84,0,1,21121611.060404,18,112,2,1,22435475.132638,83,40,0,12,24268495.237854,43,152,0,1,17709950.079633,24,152,0,1,19906573.418903,66,136,0,12,24502278.945951,19,132,0,1,21887398.624070,
4,1553681737,0.794000,11,156,0,1,22288860.689168,10,100,0,1,22029799.380913,35,140,2,1,20489138.040993,53,164,2,1,20927529.635440,
22,1553681737,0.994000,13,160,0,1,20108528.296298,51,104,3,1,22010067.573891,15,136,0,1,19438557.130756,28,172,0,1,20317103.105745,17,156,0,1,20814170.498934,20,136,2,1,21597218.150567,42,148,0,1,21163738.432322,84,152,0,12,21690287.253336,34,140,2,1,18403730.395959,67,124,0,12,20794716.776120,61,140,0,12,22217129.883253,62,96,0,12,24747356.487321,71,128,0,12,23093866.584766,52,140,2,1,19897158.063795,44,140,0,1,18324583.125353,33,84,0,1,21121775.720659,18,112,2,1,22435459.462343,83,44,0,12,24268604.039961,43,152,0,1,17709988.871467,24,152,0,1,19906474.929874,66,136,0,12,24502201.117980,19,132,0,1,21887256.387345,
4,1553681737,0.994000,11,156,0,1,22288866.744394,10,100,0,1,22029745.721493,35,140,2,1,20489015.697517,53,164,2,1,20927384.222775,
22,1553681738,0.194000,13,160,0,1,20108636.557449,51,108,2,1,22010196.094745,15,136,0,1,19438607.300132,28,172,0,1,20317186.570136,17,156,0,1,20814091.850802,20,136,2,1,21597252.405344,42,148,0,1,21163880.965701,84,152,0,12,21690337.893868,34,140,2,1,18403756.117580,67,128,0,12,20794747.471053,61,140,0,12,22217065.963106,62,96,0,12,24747469.739234,71,128,0,12,23093854.195111,52,140,2,1,19897145.307686,44,144,0,1,18324499.538810,33,80,0,1,21121939.525853,18,112,2,1,22435443.425593,83,44,0,12,24268712.807168,43,152,0,1,17710027.558599,24,152,0,1,19906376.458295,66,136,0,12,24502125.384035,19,132,0,1,21887114.534525,
4,1553681738,0.194000,11,156,0,1,22288872.363364,10,100,0,1,22029692.952035,35,144,2,1,20488894.191651,53,164,2,1,20927239.036964,
22,1553681738,0.394000,13,160,0,1,20108744.783699,51,108,2,1,22010324.563248,15,148,0,1,19438657.504409,28,172,0,1,20317270.069428,17,156,0,1,20814013.115420,20,136,2,1,21597288.440044,42,148,0,1,21164022.888322,84,156,0,12,21690388.499499,34,140,2,1,18403783.287569,67,128,0,12,20794784.046709,61,140,0,12,22217007.818980,62,96,0,12,24747583.828757,71,128,0,12,23093837.757006,52,140,2,1,19897133.336837,44,144,0,1,18324415.603263,33,84,0,1,21122103.976705,18,112,2,1,22435427.179440,83,48,0,12,24268821.888480,43,152,0,1,17710066.315533,24,152,0,1,19906277.986716,66,136,0,12,24502048.882281,19,132,0,1,21886972.280350,
4,1553681738,0.394000,11,156,0,1,22288879.901858,10,100,0,1,22029642.939711,35,144,2,1,20488773.348893,53,164,2,1,20927093.833702,
22,1553681738,0.594000,13,160,0,1,20108853.114651,51,108,2,1,22010454.061314,15,148,0,1,19438707.621434,28,172,0,1,20317353.533819,17,156,0,1,20813934.484739,20,136,2,1,21597319.082626,42,152,0,1,21164164.427038,84,156,0,12,21690439.000429,34,140,2,1,18403808.729986,67,128,0,12,20794814.410088,61,140,0,12,22216951.594379,62,100,0,12,24747697.028320,71,128,0,12,23093822.488066,52,140,2,1,19897121.959295,44,144,0,1,18324331.999270,33,84,0,1,21122268.096003,18,112,2,1,22435411.264842,83,52,0,12,24268930.830189,43,152,0,1,17710105.020116,24,140,0,1,19906179.410436,66,136,0,12,24501971.665067,19,132,0,1,21886829.485218,
4,1553681738,0.594000,11,160,0,1,22288886.358439,10,100,0,1,22029593.154239,35,144,2,1,20488651.249719,53,160,2,1,20926948.438488,
22,1553681738,0.794000,13,164,0,1,20108961.445602,51,108,2,1,22010582.861371,15,156,0,1,19438757.651208,28,176,0,1,20317437.033111,17,160,0,1,20813855.784257,20,136,2,1,21597351.749434,42,152,0,1,21164306.733563,84,156,0,12,21690489.623511,34,140,2,1,18403837.313443,67,132,0,12,20794843.656653,61,144,0,12,22216893.345552,62,100,0,12,24747810.699038,71,132,0,12,23093807.515779,52,140,2,1,19897109.499839,44,144,0,1,18324247.836869,33,84,0,1,21122433.716019,18,116,2,1,22435396.641559,83,60,0,12,24269039.387993,43,152,0,1,17710143.724699,24,144,0,1,19906080.851606,66,140,0,12,24501896.716382,19,132,0,1,21886688.470009,
4,1553681738,0.794000,11,164,0,1,22288892.867370,10,104,0,1,22029547.452119,35,144,2,1,20488529.447200,53,160,2,1,20926803.078174,
22,1553681738,0.994000,13,164,0,1,20109069.794004,51,112,2,1,22010712.254736,15,156,0,1,19438807.768234,28,176,0,1,20317520.514953,17,160,0,1,20813777.153576,20,136,2,1,21597384.276640,42,152,0,1,21164448.691085,84,160,0,12,21690540.264043,34,148,2,1,18403865.146540,67,144,0,12,20794881.436374,61,144,0,12,22216835.079275,62,100,0,12,24747924.928164,71,132,0,12,23093792.386440,52,136,2,1,19897099.361263,44,144,0,1,18324162.924110,33,84,0,1,21122598.341373,18,116,2,1,22435380.726961,83,60,0,12,24269148.137750,43,152,0,1,17710182.429282,24,144,0,1,19905982.432378,66,140,0,12,24501819.691121,19,132,0,1,21886546.913842,
4,1553681738,0.994000,11,164,0,1,22288899.376301,10,108,3,1,22029505.571597,35,144,2,1,20488407.330576,53,160,2,1,20926657.840012,
22,1553681739,0.194000,13,164,0,1,20109178.194757,51,112,2,1,22010840.967542,15,156,0,1,19438857.937610,28,176,0,1,20317603.979344,17,164,0,1,20813698.470544,20,132,2,1,21597415.948785,42,160,0,1,21164591.032511,84,160,0,12,21690590.852224,34,148,2,1,18403893.747447,67,144,0,12,20794913.771628,61,148,0,12,22216777.022400,62,100,0,12,24748037.865973,71,132,0,12,23093778.775270,52,136,2,1,19897086.727305,44,144,0,1,18324078.587208,33,88,0,1,21122762.739875,18,116,2,1,22435364.114353,83,64,0,12,24269257.219061,43,152,0,1,17710221.325817,24,144,0,1,19905883.943349,66,140,0,12,24501742.840362,19,136,0,1,21886405.898633,
4,1553681739,0.194000,11,164,0,1,22288905.937583,10,128,2,1,22029471.421520,35,148,2,1,20488287.307978,53,164,2,1,20926512.601849,
22,1553681739,0.394000,13,160,0,1,20109286.630410,51,116,2,1,22010968.929988,15,160,0,1,19438908.089536,28,176,0,1,20317687.618238,17,160,0,1,20813619.822413,20,132,2,1,21597448.475991,42,160,0,1,21164734.595452,84,160,0,12,21690641.318254,34,148,2,1,18403924.110826,67,132,0,12,20794943.087994,61,144,0,12,22216718.424569,62,96,0,12,24748150.768882,71,132,0,12,23093762.965373,52,136,2,1,19897075.122910,44,148,0,1,18323994.250305,33,88,0,1,21122928.185389,18,116,2,1,22435340.225005,83,64,0,12,24269364.660052,43,152,0,1,17710260.187452,24,152,0,1,19905785.611373,66,140,0,12,24501666.007053,19,136,0,1,21886265.092826,
4,1553681739,0.394000,11,164,0,1,22288912.463964,10,140,2,1,22029436.346583,35,148,2,1,20488166.447770,53,164,2,1,20926367.328787,
22,1553681739,0.594000,13,164,0,1,20109394.961362,51,112,2,1,22011094.082950,15,160,0,1,19438958.258912,28,168,0,1,20317771.047729,17,164,0,1,20813541.191731,20,132,2,1,21597480.828694,42,160,0,1,21164878.786601,84,160,0,12,21690691.784283,34,152,2,1,18403953.182889,67,132,0,12,20794968.652563,61,144,0,12,22216658.291119,62,96,0,12,24748262.973782,71,132,0,12,23093748.394441,52,136,2,1,19897063.501065,44,148,0,1,18323910.105355,33,92,0,1,21123092.793293,18,120,2,1,22435311.327445,83,68,0,12,24269473.165506,43,160,0,1,17710299.083987,24,152,0,1,19905686.965292,66,140,0,12,24501589.086493,19,136,0,1,21886122.297694,
4,1553681739,0.594000,11,164,0,1,22288918.868194,10,140,2,1,22029397.275545,35,148,2,1,20488044.767402,53,164,2,1,20926222.160425,
22,1553681739,0.794000,13,160,0,1,20109503.257413,51,112,2,1,22011220.457427,15,160,0,1,19439008.393387,28,168,0,1,20317854.459770,17,168,0,1,20813462.526150,20,132,2,1,21597513.041796,42,160,0,1,21165022.070339,84,160,0,12,21690742.285214,34,152,2,1,18403981.905947,67,144,0,12,20795001.511323,61,148,0,12,22216600.600699,62,96,0,12,24748375.353184,71,128,0,12,23093734.067812,52,136,2,1,19897052.175874,44,136,0,1,18323825.855704,33,92,0,1,21123257.732751,18,116,2,1,22435286.094430,83,72,0,12,24269581.252155,43,152,0,1,17710337.963073,24,152,0,1,19905588.563514,66,136,0,12,24501511.764579,19,132,0,1,21885977.600489,
4,1553681739,0.794000,11,164,0,1,22288925.272424,10,140,2,1,22029357.331997,35,148,2,1,20487923.645440,53,168,2,1,20926076.800112,
22,1553681739,0.994000,13,156,0,1,20109611.448763,51,112,2,1,22011348.646726,15,160,0,1,19439058.423161,28,168,0,1,20317937.836910,17,172,0,1,20813383.930369,20,132,2,1,21597544.923344,42,168,0,1,21165165.877584,84,160,0,12,21690792.978096,34,140,2,1,18404010.925659,67,144,0,12,20795032.991515,61,148,0,12,22216542.177370,62,96,0,12,24748489.180954,71,132,0,12,23093718.938474,52,140,2,1,19897040.536579,44,136,0,1,18323741.780555,33,92,0,1,21123420.962088,18,116,2,1,22435263.461497,83,76,0,12,24269689.949561,43,144,0,1,17710376.807257,24,152,0,1,19905490.214087,66,136,0,12,24501435.053421,19,132,0,1,21885833.095235,
4,1553681739,0.994000,11,156,0,1,22288931.554502,10,140,2,1,22029311.909080,35,148,2,1,20487803.238938,53,168,2,1,20925931.561949,
22,1553681740,0.194000,13,156,0,1,20109719.640113,51,112,2,1,22011474.445346,15,160,0,1,19439108.505286,28,168,0,1,20318021.423453,17,172,0,1,20813305.334588,20,132,2,1,21597579.527126,42,168,0,1,21165309.964031,84,160,0,12,21690843.531377,34,140,2,1,18404037.484891,67,144,0,12,20795066.059678,61,144,0,12,22216483.038582,62,96,0,12,24748602.642270,71,132,0,12,23093703.268178,52,140,1,1,19897028.810032,44,140,0,1,18323657.513454,33,92,0,1,21123584.540429,18,116,2,1,22435243.376297,83,76,0,12,24269799.519478,43,144,0,1,17710415.494390,24,152,0,1,19905391.812309,66,136,0,12,24501358.359714,19,128,0,1,21885688.938987,
4,1553681740,0.194000,11,156,0,1,22288937.836581,10,140,2,1,22029266.398912,35,148,2,1,20487681.069964,53,168,2,1,20925786.445939,
22,1553681740,0.394000,13,156,0,1,20109827.848913,51,112,2,1,22011599.266754,15,160,0,1,19439158.500160,28,172,0,1,20318104.870394,17,172,0,1,20813226.773708,20,132,2,1,21597612.420786,42,164,0,1,21165452.986016,84,160,0,12,21690894.102108,34,140,2,1,18404064.916633,67,144,0,12,20795093.456520,61,144,0,12,22216424.248798,62,96,0,12,24748717.325101,71,132,0,12,23093687.022025,52,140,0,1,19897018.566755,44,148,0,1,18323573.420854,33,92,0,1,21123748.746978,18,116,2,1,22435224.599862,83,80,0,12,24269907.955131,43,144,0,1,17710454.390925,24,152,0,1,19905293.427981,66,140,0,12,24501281.456605,19,128,0,1,21885545.882102,
4,1553681740,0.394000,11,156,0,1,22288944.171010,10,140,2,1,22029219.963883,35,148,2,1,20487560.139955,53,168,2,1,20925641.312478,
22,1553681740,0.594000,13,156,0,1,20109936.040263,51,112,2,1,22011728.380915,15,160,0,1,19439208.547385,28,172,0,1,20318188.352236,17,172,0,1,20813148.160477,20,128,2,1,21597644.738590,42,168,0,1,21165595.048239,84,160,0,12,21690944.725190,34,136,2,1,18404090.725505,67,144,0,12,20795124.517907,61,144,0,12,22216365.092560,62,96,0,12,24748831.030720,71,132,0,12,23093671.369180,52,144,0,1,19897006.857658,44,148,0,1,18323489.153753,33,88,0,1,21123911.819263,18,116,2,1,22435205.107969,83,84,0,12,24270016.966641,43,144,0,1,17710493.217660,24,152,0,1,19905195.061104,66,140,0,12,24501204.832699,19,128,0,1,21885402.546013,
4,1553681740,0.594000,11,156,0,1,22288950.487989,10,140,2,1,22029177.333001,35,148,2,1,20487438.407236,53,168,2,1,20925496.056865,
22,1553681740,0.794000,13,156,0,1,20110044.371215,51,108,2,1,22011855.174197,15,160,0,1,19439258.612059,28,172,0,1,20318271.781727,17,172,0,1,20813069.599597,20,128,2,1,21597678.085956,42,164,0,1,21165737.267513,84,160,0,12,21690995.191219,34,136,2,1,18404116.133022,67,144,0,12,20795154.584633,61,144,0,12,22216305.255764,62,96,0,12,24748947.057218,71,132,0,12,23093655.140478,52,144,0,1,19896995.741870,44,152,0,1,18323405.043703,33,88,0,1,21124076.828522,18,116,2,1,22435183.033444,83,84,0,12,24270125.000939,43,144,0,1,17710531.887342,24,152,0,1,19905096.659326,66,140,0,12,24501128.034291,19,128,0,1,21885260.291838,
4,1553681740,0.794000,11,156,0,1,22288956.909669,10,140,2,1,22029132.102037,35,148,2,1,20487316.447664,53,168,2,1,20925350.940855,
22,1553681740,0.994000,13,160,0,1,20110152.649816,51,112,2,1,22011983.188994,15,160,0,1,19439308.746535,28,172,0,1,20318355.281019,17,172,0,1,20812991.125968,20,128,2,1,21597711.450772,42,164,0,1,21165879.888143,84,160,0,12,21691045.587448,34,136,2,1,18404142.954007,67,140,0,12,20795183.691596,61,144,0,12,22216246.256578,62,96,0,12,24749060.902438,71,132,0,12,23093638.824524,52,144,0,1,19896984.905285,44,156,0,1,18323320.794052,33,92,0,1,21124241.192123,18,116,2,1,22435164.518763,83,84,0,12,24270234.309103,43,140,0,1,17710570.487224,24,152,0,1,19904998.274998,66,140,0,12,24501051.410384,19,128,0,1,21885118.334317,
4,1553681740,0.994000,11,160,0,1,22288963.348799,10,140,2,1,22029086.714020,35,144,2,1,20487194.522993,53,168,2,1,20925205.789943,
22,1553681741,0.194000,13,164,0,1,20110261.015668,51,108,2,1,22012109.528570,15,160,0,1,19439358.915911,28,172,0,1,20318438.797761,17,172,0,1,20812912.599988,20,124,2,1,21597744.135030,42,164,0,1,21166022.404071,84,160,0,12,21691096.227980,34,136,2,1,18404168.064870,67,140,0,12,20795212.850910,61,144,0,12,22216187.309742,62,96,0,12,24749174.032200,71,132,0,12,23093623.224029,52,144,0,1,19896974.086150,44,156,0,1,18323236.387349,33,92,0,1,21124406.620187,18,116,2,1,22435145.306073,83,88,0,12,24270343.861570,43,140,0,1,17710609.209257,24,152,0,1,19904899.890671,66,140,0,12,24500974.699227,19,128,0,1,21884976.533848,
4,1553681741,0.194000,11,160,0,1,22288969.805380,10,136,2,1,22029039.580982,35,144,2,1,20487071.935213,53,168,2,1,20925060.516881,
22,1553681741,0.394000,13,164,0,1,20110369.364070,51,108,2,1,22012237.892372,15,160,0,1,19439409.085287,28,172,0,1,20318522.262153,17,172,0,1,20812833.934406,20,124,2,1,21597776.191080,42,164,0,1,21166164.919999,84,160,0,12,21691146.798711,34,140,2,1,18404194.065695,67,140,0,12,20795241.120262,61,144,0,12,22216128.170954,62,96,0,12,24749287.650567,71,132,0,12,23093607.745686,52,144,0,1,19896963.354266,44,156,0,1,18323152.120247,33,92,0,1,21124571.367692,18,120,2,1,22435129.042470,83,88,0,12,24270453.640890,43,136,0,1,17710647.669537,24,152,0,1,19904801.419092,66,140,0,12,24500898.162572,19,128,0,1,21884834.785729,
4,1553681741,0.394000,11,160,0,1,22288976.174709,10,136,2,1,22028994.576871,35,144,2,1,20486950.045442,53,168,2,1,20924915.296169,
22,1553681741,0.594000,13,164,0,1,20110477.695022,51,108,2,1,22012367.006533,15,160,0,1,19439459.289563,28,172,0,1,20318605.691644,17,172,0,1,20812755.356076,20,120,2,1,21597808.805537,42,164,0,1,21166307.296326,84,160,0,12,21691197.369442,34,140,2,1,18404219.019506,67,136,0,12,20795270.192325,61,144,0,12,22216069.276469,62,96,0,12,24749400.867580,71,132,0,12,23093592.162642,52,144,0,1,19896952.535131,44,156,0,1,18323067.905497,33,92,0,1,21124735.103085,18,120,2,1,22435112.604365,83,88,0,12,24270563.123556,43,136,0,1,17710686.321769,24,148,0,1,19904702.912613,66,140,0,12,24500821.591017,19,128,0,1,21884692.932909,
4,1553681741,0.594000,11,160,0,1,22288982.648740,10,140,2,1,22028948.665348,35,144,2,1,20486828.016069,53,168,2,1,20924770.197608,
22,1553681741,0.794000,13,164,0,1,20110586.060874,51,108,2,1,22012499.052331,15,152,0,1,19439509.546190,28,172,0,1,20318689.260736,17,172,0,1,20812676.742845,20,116,2,1,21597842.868362,42,164,0,1,21166449.759904,84,160,0,12,21691247.835472,34,140,2,1,18404244.217620,67,136,0,12,20795301.445665,61,144,0,12,22216010.347084,62,96,0,12,24749514.939653,71,132,0,12,23093576.579597,52,144,0,1,19896941.768346,44,156,0,1,18322983.777997,33,92,0,1,21124899.012981,18,120,2,1,22435099.638853,83,88,0,12,24270671.611560,43,136,0,1,17710724.851850,24,148,0,1,19904604.580636,66,140,0,12,24500744.914760,19,128,0,1,21884551.027738,
4,1553681741,0.794000,11,160,0,1,22288989.175121,10,140,2,1,22028901.933665,35,144,2,1,20486706.091398,53,168,2,1,20924625.029247,
22,1553681741,0.994000,13,164,0,1,20110694.391826,51,108,2,1,22012628.009440,15,152,0,1,19439559.750467,28,172,0,1,20318772.760028,17,172,0,1,20812598.269216,20,116,2,1,21597876.843936,42,164,0,1,21166592.258382,84,160,0,12,21691298.476004,34,140,2,1,18404269.834540,67,136,0,12,20795331.983546,61,140,0,12,22215951.173396,62,96,0,12,24749628.505670,71,132,0,12,23093561.014003,52,144,0,1,19896931.106263,44,156,0,1,18322899.388744,33,92,0,1,21125064.039690,18,120,2,1,22435085.033021,83,88,0,12,24270779.802910,43,132,0,1,17710763.347030,24,148,0,1,19904506.318460,66,140,0,12,24500668.064001,19,128,0,1,21884409.105117,
4,1553681741,0.994000,11,164,0,1,22288995.614252,10,140,2,1,22028855.097280,35,144,2,1,20486584.515731,53,168,2,1,20924479.895786,
22,1553681742,0.194000,13,160,0,1,20110802.652977,51,112,2,1,22012754.436267,15,152,0,1,19439609.919843,28,172,0,1,20318856.224420,17,172,0,1,20812519.690885,20,116,2,1,21597911.098713,42,164,0,1,21166734.687059,84,160,0,12,21691348.942033,34,140,2,1,18404294.805802,67,136,0,12,20795362.364375,61,140,0,12,22215892.401062,62,96,0,12,24749741.687783,71,132,0,12,23093545.500759,52,144,0,1,19896920.356929,44,156,0,1,18322815.139093,33,92,0,1,21125228.699944,18,124,1,1,22435069.903682,83,88,0,12,24270887.209000,43,132,0,1,17710801.981813,24,148,0,1,19904407.951582,66,140,0,12,24500591.317944,19,128,0,1,21884267.287198,
4,1553681742,0.194000,11,164,0,1,22289002.245335,10,140,2,1,22028806.795077,35,144,2,1,20486462.887713,53,168,1,1,20924334.709974,
22,1553681742,0.394000,13,160,0,1,20110911.036279,51,112,2,1,22012880.112736,15,152,0,1,19439660.298621,28,172,0,1,20318939.793512,17,172,0,1,20812441.182356,20,116,2,1,21597944.498430,42,164,0,1,21166877.272788,84,160,0,12,21691399.460414,34,140,2,1,18404318.677699,67,136,0,12,20795395.467438,61,140,0,12,22215833.681080,62,96,0,12,24749855.323601,71,132,0,12,23093530.092217,52,148,0,1,19896909.851898,44,156,0,1,18322730.994143,33,92,0,1,21125392.487688,18,124,0,1,22435053.099122,83,88,0,12,24270996.046008,43,132,0,1,17710840.564244,24,148,0,1,19904309.619605,66,136,0,12,24500514.746388,19,128,0,1,21884125.364577,
4,1553681742,0.394000,11,164,0,1,22289008.736816,10,140,2,1,22028760.796303,35,144,2,1,20486341.032843,53,168,0,1,20924189.541613,
22,1553681742,0.594000,13,160,0,1,20111019.349780,51,112,2,1,22013006.888568,15,152,0,1,19439710.677400,28,172,0,1,20319023.362605,17,172,0,1,20812362.673826,20,116,2,1,21597977.723644,42,164,0,1,21167019.806166,84,160,0,12,21691449.926443,34,144,2,1,18404343.387208,67,136,0,12,20795426.947631,61,140,0,12,22215774.699344,62,92,0,12,24749970.006432,71,132,0,12,23093514.456822,52,148,0,1,19896899.189815,44,160,0,1,18322646.727041,33,92,0,1,21125556.380133,18,128,0,1,22435036.573766,83,92,0,12,24271105.232021,43,128,0,1,17710879.146675,24,148,0,1,19904211.339979,66,136,0,12,24500438.122482,19,128,0,1,21883983.441956,
4,1553681742,0.594000,11,164,0,1,22289015.210846,10,140,2,1,22028714.849880,35,144,2,1,20486219.230323,53,168,0,1,20924044.390702,
22,1553681742,0.794000,13,160,0,1,20111127.767983,51,112,2,1,22013137.800101,15,148,0,1,19439760.899127,28,172,0,1,20319106.809546,17,172,0,1,20812284.182747,20,116,2,1,21598011.350214,42,164,0,1,21167162.444246,84,160,0,12,21691500.514625,34,140,2,1,18404367.712811,67,136,0,12,20795455.251884,61,136,0,12,22215715.700157,62,96,0,12,24750083.397947,71,132,0,12,23093498.926128,52,148,0,1,19896888.649883,44,160,0,1,18322562.599541,33,92,0,1,21125720.953137,18,128,0,1,22435022.648493,83,92,0,12,24271214.836838,43,128,0,1,17710917.659306,24,148,0,1,19904112.973102,66,136,0,12,24500361.393875,19,128,0,1,21883841.501885,
4,1553681742,0.794000,11,164,0,1,22289021.702327,10,140,2,1,22028667.402738,35,144,2,1,20486097.532505,53,168,0,1,20923899.344492,
22,1553681742,0.994000,13,160,0,1,20111235.994234,51,112,2,1,22013268.833786,15,148,0,1,19439811.312806,28,172,0,1,20319190.361189,17,172,0,1,20812205.621866,20,116,2,1,21598045.762043,42,164,0,1,21167305.082326,84,160,0,12,21691551.102806,34,140,2,1,18404393.172679,67,136,0,12,20795486.976380,61,136,0,12,22215657.049976,62,92,0,12,24750198.080777,71,132,0,12,23093483.552486,52,148,0,1,19896878.179753,44,160,0,1,18322478.349890,33,92,0,1,21125885.526140,18,132,0,1,22435009.299076,83,92,0,12,24271324.162452,43,128,0,1,17710956.137036,24,148,0,1,19904014.606224,66,136,0,12,24500284.665267,19,128,0,1,21883699.649065,
4,1553681742,0.994000,11,164,0,1,22289028.124007,10,140,2,1,22028621.020059,35,144,2,1,20485975.695084,53,168,0,1,20923754.245931,
22,1553681743,0.194000,13,160,0,1,20111344.569488,51,112,2,1,22013394.929059,15,148,0,1,19439861.569433,28,172,0,1,20319273.965182,17,172,0,1,20812127.008636,20,116,2,1,21598080.034271,42,164,0,1,21167447.615705,84,160,0,12,21691601.725887,34,140,2,1,18404418.580196,67,136,0,12,20795517.514261,61,136,0,12,22215598.120590,62,92,0,12,24750312.048150,71,132,0,12,23093468.178845,52,148,0,1,19896867.604921,44,160,0,1,18322393.960637,33,88,0,1,21126049.313884,18,132,0,1,22434994.030135,83,92,0,12,24271434.011573,43,124,0,1,17710994.527515,24,148,0,1,19903916.396399,66,136,0,12,24500207.831958,19,128,0,1,21883557.691544,
4,1553681743,0.194000,11,164,0,1,22289034.528237,10,140,2,1,22028575.719294,35,144,2,1,20485853.944915,53,168,0,1,20923609.112470,
22,1553681743,0.394000,13,160,0,1,20111452.952791,51,112,2,1,22013523.415013,15,148,0,1,19439911.826060,28,172,0,1,20319357.481924,17,172,0,1,20812048.587357,20,116,2,1,21598112.160122,42,164,0,1,21167590.009481,84,160,0,12,21691652.261718,34,140,2,1,18404443.917912,67,136,0,12,20795548.348796,61,136,0,12,22215539.383157,62,92,0,12,24750425.334963,71,132,0,12,23093452.630701,52,148,0,1,19896857.030089,44,160,0,1,18322309.815687,33,88,0,1,21126213.974138,18,132,0,1,22434978.080636,83,92,0,12,24271544.017746,43,124,0,1,17711031.923332,24,148,0,1,19903818.064422,66,136,0,12,24500131.190602,19,128,0,1,21883415.768923,
4,1553681743,0.394000,11,164,0,1,22289041.054619,10,140,2,1,22028530.331278,35,144,2,1,20485732.124945,53,168,0,1,20923463.926659,
22,1553681743,0.594000,13,160,0,1,20111561.283743,51,112,2,1,22013655.792364,15,148,0,1,19439962.152488,28,172,0,1,20319441.103368,17,172,0,1,20811970.078827,20,120,2,1,21598146.257847,42,164,0,1,21167732.507959,84,160,0,12,21691702.867349,34,140,2,1,18404468.924074,67,136,0,12,20795578.904127,61,136,0,12,22215480.872577,62,92,0,12,24750539.249985,71,132,0,12,23093437.030206,52,148,0,1,19896846.525058,44,160,0,1,18322225.653287,33,88,0,1,21126379.157900,18,136,0,1,22434960.578068,83,92,0,12,24271653.936667,43,124,0,1,17711068.533888,24,148,0,1,19903719.854596,66,136,0,12,24500054.409644,19,128,0,1,21883274.020804,
4,1553681743,0.594000,11,164,0,1,22289047.633351,10,140,2,1,22028485.623820,35,144,2,1,20485610.409676,53,168,0,1,20923318.793198,
22,1553681743,0.794000,13,160,0,1,20111669.684495,51,112,2,1,22013783.458157,15,148,0,1,19440012.496366,28,172,0,1,20319524.672460,17,172,0,1,20811891.622648,20,120,2,1,21598178.680352,42,164,0,1,21167874.919186,84,160,0,12,21691753.403180,34,140,2,1,18404494.593345,67,136,0,12,20795609.529259,61,136,0,12,22215422.170045,62,92,0,12,24750653.758313,71,132,0,12,23093421.464612,52,148,0,1,19896836.054927,44,156,0,1,18322141.473437,33,88,0,1,21126543.940306,18,136,0,1,22434947.315903,83,92,0,12,24271762.372320,43,124,0,1,17711104.603489,24,148,0,1,19903621.609871,66,132,0,12,24499977.750838,19,128,0,1,21883132.115633,
4,1553681743,0.794000,11,164,0,1,22289054.159732,10,140,2,1,22028439.625046,35,144,2,1,20485488.607157,53,168,0,1,20923173.659737,
22,1553681743,0.994000,13,164,0,1,20111778.120148,51,112,2,1,22013910.792396,15,148,0,1,19440062.770443,28,172,0,1,20319608.311354,17,176,0,1,20811813.114119,20,120,2,1,21598211.434411,42,164,0,1,21168017.435115,84,160,0,12,21691803.851760,34,140,2,1,18404520.280065,67,136,0,12,20795638.863075,61,136,0,12,22215363.502413,62,92,0,12,24750767.463932,71,132,0,12,23093406.038619,52,152,0,1,19896825.445195,44,156,0,1,18322057.241236,33,88,0,1,21126707.379045,18,136,0,1,22434930.511343,83,92,0,12,24271872.500644,43,120,0,1,17711142.121457,24,148,0,1,19903523.347695,66,132,0,12,24499900.847728,19,128,0,1,21882990.350064,
4,1553681743,0.994000,11,164,0,1,22289060.703564,10,140,2,1,22028394.132328,35,144,2,1,20485366.856987,53,168,0,1,20923028.491376,
22,1553681744,0.194000,13,164,0,1,20111886.573251,51,112,0,1,22014041.145523,15,148,0,1,19440113.009620,28,172,0,1,20319691.758295,17,176,0,1,20811734.745191,20,120,2,1,21598242.111893,42,164,0,1,21168159.916142,84,160,0,12,21691854.544642,34,140,1,1,18404546.054037,67,136,0,12,20795669.383506,61,136,0,12,22215304.939482,62,92,0,12,24750880.523893,71,132,0,12,23093390.560276,52,152,0,1,19896815.027415,44,156,0,1,18321972.921784,33,88,0,1,21126872.039300,18,136,0,1,22434915.155151,83,92,0,12,24271981.791358,43,120,0,1,17711179.290420,24,152,0,1,19903425.207670,66,132,0,12,24499824.154021,19,128,0,1,21882848.601946,
4,1553681744,0.194000,11,164,0,1,22289067.142694,10,140,2,1,22028348.377857,35,144,1,1,20485245.054468,53,168,0,1,20922883.445166,
22,1553681744,0.394000,13,164,0,1,20111995.026355,51,116,0,1,22014170.992593,15,148,0,1,19440163.283698,28,172,0,1,20319775.449540,17,172,0,1,20811656.323912,20,120,2,1,21598272.108818,42,164,0,1,21168302.501872,84,160,0,12,21691905.150274,34,136,0,1,18404571.775658,67,136,0,12,20795699.118677,61,136,0,12,22215246.149698,62,92,0,12,24750994.334213,71,132,0,12,23093375.064483,52,152,0,1,19896804.522384,44,156,0,1,18321888.532531,33,88,0,1,21127035.181385,18,140,0,1,22434899.205652,83,92,0,12,24272090.715617,43,120,0,1,17711215.360021,24,152,0,1,19903327.050195,66,132,0,12,24499747.163660,19,128,0,1,21882706.696775,
4,1553681744,0.394000,11,164,0,1,22289073.634175,10,144,2,1,22028301.262269,35,144,0,1,20485123.129796,53,168,0,1,20922738.381506,
22,1553681744,0.594000,13,164,0,1,20112103.479458,51,116,0,1,22014298.239581,15,148,0,1,19440213.645026,28,172,0,1,20319859.070983,17,176,0,1,20811577.797933,20,120,2,1,21598305.491084,42,164,0,1,21168445.122501,84,160,0,12,21691955.581403,34,136,0,1,18404597.218075,67,136,0,12,20795729.412255,61,136,0,12,22215187.325014,62,92,0,12,24751107.638477,71,132,0,12,23093359.463988,52,152,0,1,19896793.982452,44,156,0,1,18321804.247979,33,88,0,1,21127198.812077,18,140,0,1,22434884.111214,83,96,0,12,24272199.447924,43,120,0,1,17711252.877989,24,152,0,1,19903229.032322,66,132,0,12,24499670.487404,19,128,0,1,21882564.809055,
4,1553681744,0.594000,11,164,0,1,22289080.125656,10,144,2,1,22028255.874253,35,144,0,1,20485001.222575,53,168,0,1,20922593.352746,
22,1553681744,0.794000,13,164,0,1,20112211.915111,51,116,0,1,22014428.854460,15,148,0,1,19440263.971454,28,172,0,1,20319942.674976,17,176,0,1,20811499.254503,20,124,2,1,21598335.959164,42,164,0,1,21168587.655880,84,160,0,12,21692006.221935,34,136,0,1,18404622.834995,67,136,0,12,20795759.827985,61,136,0,12,22215128.500330,62,96,0,12,24751221.134693,71,132,0,12,23093343.985645,52,152,0,1,19896783.425071,44,156,0,1,18321719.998328,33,84,0,1,21127363.123327,18,140,0,1,22434869.836936,83,96,0,12,24272308.756088,43,120,0,1,17711290.308706,24,152,0,1,19903130.857397,66,132,0,12,24499593.619194,19,128,0,1,21882422.991135,
4,1553681744,0.794000,11,164,0,1,22289086.686938,10,144,2,1,22028210.119782,35,140,0,1,20484879.402605,53,168,0,1,20922448.149484,
22,1553681744,0.994000,13,164,0,1,20112320.263513,51,116,0,1,22014559.085435,15,148,0,1,19440314.228081,28,172,0,1,20320026.331320,17,176,0,1,20811420.955376,20,124,2,1,21598366.950751,42,164,0,1,21168730.189258,84,160,0,12,21692056.897367,34,136,0,1,18404648.556616,67,136,0,12,20795790.069212,61,136,0,12,22215069.937400,62,96,0,12,24751334.596009,71,132,0,12,23093328.367700,52,152,0,1,19896772.885139,44,156,0,1,18321635.661425,33,84,0,1,21127527.015772,18,140,0,1,22434852.997476,83,96,0,12,24272417.523295,43,120,0,1,17711327.704522,24,152,0,1,19903032.717373,66,132,0,12,24499516.873137,19,128,0,1,21882281.173215,
4,1553681744,0.994000,11,164,0,1,22289093.091168,10,144,2,1,22028164.086108,35,140,0,1,20484757.565185,53,168,0,1,20922303.138175,
22,1553681745,0.194000,13,164,0,1,20112428.716616,51,112,0,1,22014687.047882,15,148,0,1,19440364.554509,28,172,0,1,20320109.935313,17,176,0,1,20811342.568998,20,124,2,1,21598399.198753,42,164,0,1,21168872.757537,84,160,0,12,21692107.485548,34,136,0,1,18404674.190985,67,136,0,12,20795820.764145,61,136,0,12,22215011.199967,62,96,0,12,24751447.987524,71,132,0,12,23093312.871907,52,152,0,1,19896762.397558,44,156,0,1,18321551.307073,33,80,0,1,21127690.786066,18,140,0,1,22434836.297617,83,96,0,12,24272527.110662,43,120,0,1,17711365.117789,24,152,0,1,19902934.577348,66,132,0,12,24499440.144529,19,128,0,1,21882139.268045,
4,1553681745,0.194000,11,160,0,1,22289099.600099,10,144,2,1,22028119.116897,35,140,0,1,20484635.640514,53,168,0,1,20922157.934913,
22,1553681745,0.394000,13,164,0,1,20112537.030118,51,112,0,1,22014813.823714,15,148,0,1,19440414.950738,28,172,0,1,20320193.539306,17,176,0,1,20811264.130269,20,124,2,1,21598432.301817,42,164,0,1,21169015.360717,84,160,0,12,21692158.108630,34,136,0,1,18404699.773005,67,136,0,12,20795851.406727,61,136,0,12,22214952.410183,62,96,0,12,24751561.902545,71,132,0,12,23093297.288862,52,152,0,1,19896752.032129,44,156,0,1,18321467.074872,33,80,0,1,21127854.922814,18,144,0,1,22434821.866287,83,96,0,12,24272634.761056,43,120,0,1,17711402.827710,24,152,0,1,19902836.437323,66,132,0,12,24499363.189069,19,128,0,1,21881997.467575,
4,1553681745,0.394000,11,164,0,1,22289106.161381,10,144,2,1,22028073.554378,35,140,0,1,20484513.942695,53,168,0,1,20922012.871253,
22,1553681745,0.594000,13,164,0,1,20112645.395970,51,112,0,1,22014941.768711,15,144,0,1,19440465.207365,28,172,0,1,20320277.143300,17,176,0,1,20811185.708990,20,124,2,1,21598465.561932,42,164,0,1,21169157.824294,84,160,0,12,21692208.661911,34,136,0,1,18404725.355024,67,136,0,12,20795881.874808,61,136,0,12,22214893.637850,62,96,0,12,24751675.137008,71,132,0,12,23093281.775619,52,152,0,1,19896741.492197,44,156,0,1,18321382.790320,33,80,0,1,21128018.553506,18,144,0,1,22434804.171766,83,96,0,12,24272743.842367,43,116,0,1,17711438.967111,24,152,0,1,19902738.314749,66,128,0,12,24499286.512812,19,128,0,1,21881855.614755,
4,1553681745,0.594000,11,164,0,1,22289112.565611,10,144,2,1,22028027.887158,35,140,0,1,20484392.227426,53,168,0,1,20921867.842493,
22,1553681745,0.794000,13,164,0,1,20112753.779272,51,112,0,1,22015069.068049,15,144,0,1,19440515.586143,28,172,0,1,20320360.729843,17,176,0,1,20811107.235361,20,124,2,1,21598498.211289,42,164,0,1,21169300.340222,84,160,0,12,21692259.337343,34,136,0,1,18404750.954493,67,136,0,12,20795912.656992,61,136,0,12,22214834.935317,62,96,0,12,24751789.174181,71,132,0,12,23093266.262375,52,152,0,1,19896730.899915,44,156,0,1,18321298.680271,33,80,0,1,21128182.498301,18,144,0,1,22434788.361869,83,92,0,12,24272853.342483,43,116,0,1,17711474.687706,24,152,0,1,19902640.192175,66,128,0,12,24499209.714404,19,128,0,1,21881713.814286,
4,1553681745,0.794000,11,164,0,1,22289119.039642,10,144,2,1,22027982.760895,35,140,0,1,20484270.494707,53,168,0,1,20921722.778833,
22,1553681745,0.994000,13,164,0,1,20112862.127674,51,112,0,1,22015196.506989,15,144,0,1,19440566.087074,28,172,0,1,20320444.333836,17,176,0,1,20811028.761732,20,124,2,1,21598531.907659,42,164,0,1,21169442.925952,84,160,0,12,21692310.030226,34,136,0,1,18404776.623764,67,136,0,12,20795943.159972,61,136,0,12,22214776.128084,62,100,0,12,24751902.513345,71,132,0,12,23093250.766582,52,152,0,1,19896720.517036,44,156,0,1,18321214.325918,33,80,0,1,21128348.589474,18,144,0,1,22434771.400257,83,96,0,12,24272961.970088,43,116,0,1,17711510.024397,24,152,0,1,19902542.017250,66,128,0,12,24499133.003247,19,128,0,1,21881571.944016,
4,1553681745,0.994000,11,164,0,1,22289125.513673,10,144,2,1,22027937.372879,35,140,0,1,20484148.814339,53,168,0,1,20921577.662822,
22,1553681746,0.194000,13,164,0,1,20112970.493526,51,116,0,1,22015324.417085,15,148,0,1,19440616.326250,28,172,0,1,20320527.937829,17,176,0,1,20810950.375354,20,124,2,1,21598564.365064,42,164,0,1,21169585.406979,84,160,0,12,21692360.688208,34,136,0,1,18404802.223233,67,136,0,12,20795973.610602,61,136,0,12,22214717.390651,62,100,0,12,24752015.416254,71,132,0,12,23093235.340589,52,152,0,1,19896710.081805,44,156,0,1,18321130.093717,33,80,0,1,21128513.319529,18,144,0,1,22434754.840001,83,96,0,12,24273071.522555,43,116,0,1,17711546.722205,24,152,0,1,19902443.859775,66,128,0,12,24499056.257189,19,128,0,1,21881430.126096,
4,1553681746,0.194000,11,160,0,1,22289132.074955,10,144,2,1,22027891.705659,35,140,0,1,20484027.133971,53,168,0,1,20921432.546812,
22,1553681746,0.394000,13,164,0,1,20113078.998980,51,116,0,1,22015451.978177,15,148,0,1,19440666.774830,28,172,0,1,20320611.594173,17,176,0,1,20810871.884274,20,128,2,1,21598599.684305,42,164,0,1,21169727.992709,84,160,0,12,21692411.119337,34,136,0,1,18404828.189157,67,140,0,12,20796004.131033,61,136,0,12,22214658.618317,62,104,0,12,24752128.912470,71,132,0,12,23093220.176350,52,152,0,1,19896699.716376,44,152,0,1,18321045.652113,33,80,0,1,21128677.595879,18,144,0,1,22434739.780463,83,96,0,12,24273182.697893,43,116,0,1,17711582.023996,24,156,0,1,19902345.789551,66,128,0,12,24498979.476231,19,132,0,1,21881288.377978,
4,1553681746,0.394000,11,160,0,1,22289138.583886,10,148,2,1,22027846.108240,35,140,0,1,20483905.331451,53,168,0,1,20921287.500602,
22,1553681746,0.594000,13,164,0,1,20113187.399733,51,116,0,1,22015579.643970,15,148,0,1,19440716.996557,28,172,0,1,20320695.250517,17,176,0,1,20810793.358295,20,128,2,1,21598631.059797,42,164,0,1,21169870.403936,84,160,0,12,21692461.707518,34,136,0,1,18404853.945678,67,140,0,12,20796034.703815,61,140,0,12,22214600.020486,62,104,0,12,24752241.675777,71,132,0,12,23093204.698007,52,152,0,1,19896689.246245,44,152,0,1,18320961.245410,33,80,0,1,21128842.256133,18,144,0,1,22434723.830964,83,96,0,12,24273292.529563,43,116,0,1,17711617.116384,24,156,0,1,19902247.509925,66,128,0,12,24498902.782524,19,132,0,1,21881146.647309,
4,1553681746,0.594000,11,160,0,1,22289145.162618,10,148,2,1,22027800.615523,35,140,0,1,20483783.668533,53,168,0,1,20921142.454392,
22,1553681746,0.794000,13,164,0,1,20113295.852836,51,112,0,1,22015708.496378,15,144,0,1,19440767.462586,28,172,0,1,20320778.906860,17,176,0,1,20810714.902116,20,128,2,1,21598663.447401,42,164,0,1,21170012.867513,84,160,0,12,21692512.382950,34,136,0,1,18404879.772001,67,140,0,12,20796065.398748,61,140,0,12,22214541.283053,62,104,0,12,24752355.224344,71,132,0,12,23093189.080062,52,152,0,1,19896678.793565,44,152,0,1,18320876.925958,33,84,0,1,21129006.567384,18,144,0,1,22434707.933816,83,96,0,12,24273401.192069,43,112,0,1,17711653.639689,24,156,0,1,19902149.439701,66,128,0,12,24498826.088817,19,132,0,1,21881004.951541,
4,1553681746,0.794000,11,160,0,1,22289151.723900,10,148,2,1,22027754.948303,35,140,0,1,20483661.988165,53,168,0,1,20920997.373282,
22,1553681746,0.994000,13,164,0,1,20113404.271039,51,112,0,1,22015836.895080,15,144,0,1,19440817.858815,28,172,0,1,20320862.598105,17,176,0,1,20810636.515738,20,128,2,1,21598695.782654,42,164,0,1,21170155.296190,84,160,0,12,21692562.953681,34,136,0,1,18404905.580873,67,140,0,12,20796095.884278,61,140,0,12,22214482.650322,62,104,0,12,24752468.947413,71,132,0,12,23093173.758771,52,148,0,1,19896668.393235,44,152,0,1,18320792.589056,33,84,0,1,21129171.454491,18,148,0,1,22434691.146706,83,96,0,12,24273511.512346,43,112,0,1,17711691.768415,24,156,0,1,19902051.369478,66,128,0,12,24498749.482362,19,132,0,1,21880863.116171,
4,1553681746,0.994000,11,160,0,1,22289158.285182,10,148,2,1,22027709.263633,35,140,0,1,20483540.063493,53,168,0,1,20920852.292171,
22,1553681747,0.194000,13,164,0,1,20113512.793943,51,112,0,1,22015965.311232,15,144,0,1,19440868.150343,28,172,0,1,20320946.202098,17,176,0,1,20810558.024658,20,128,2,1,21598728.536713,42,164,0,1,21170297.794668,84,160,0,12,21692613.576763,34,136,0,1,18404931.459546,67,140,0,12,20796126.631562,61,140,0,12,22214423.808187,62,104,0,12,24752582.164426,71,132,0,12,23093158.105926,52,152,0,1,19896658.062706,44,152,0,1,18320708.374305,33,84,0,1,21129335.154984,18,148,0,1,22434675.441510,83,96,0,12,24273621.239315,43,112,0,1,17711724.958729,24,156,0,1,19901953.264353,66,128,0,12,24498672.683953,19,132,0,1,21880721.298252,
4,1553681747,0.194000,11,160,0,1,22289164.863914,10,148,2,1,22027663.509162,35,140,0,1,20483418.330774,53,168,0,1,20920707.228511,
22,1553681747,0.394000,13,164,0,1,20113621.264497,51,112,0,1,22016093.709934,15,144,0,1,19440918.546572,28,172,0,1,20321029.806091,17,176,0,1,20810479.568479,20,128,2,1,21598761.552525,42,164,0,1,21170440.240796,84,160,0,12,21692664.182395,34,136,0,1,18404957.250967,67,140,0,12,20796157.047291,61,140,0,12,22214365.175456,62,104,0,12,24752695.398888,71,132,0,12,23093142.575232,52,148,0,1,19896647.801978,44,152,0,1,18320624.019952,33,84,0,1,21129500.146792,18,148,0,1,22434658.985955,83,92,0,12,24273730.320626,43,112,0,1,17711759.841714,24,156,0,1,19901855.176679,66,128,0,12,24498595.920445,19,132,0,1,21880579.585033,
4,1553681747,0.394000,11,160,0,1,22289171.407745,10,148,2,1,22027617.964093,35,140,0,1,20483296.615505,53,168,0,1,20920562.147401,
22,1553681747,0.594000,13,164,0,1,20113729.577998,51,112,0,1,22016221.864333,15,148,0,1,19440968.855549,28,172,0,1,20321113.444985,17,176,0,1,20810401.094850,20,128,2,1,21598795.964354,42,164,0,1,21170582.617122,84,160,0,12,21692714.945078,34,140,0,1,18404983.164541,67,140,0,12,20796187.620073,61,140,0,12,22214306.385672,62,104,0,12,24752809.418611,71,132,0,12,23093126.939837,52,148,0,1,19896637.331848,44,152,0,1,18320539.717950,33,84,0,1,21129664.841948,18,148,0,1,22434641.902192,83,92,0,12,24273839.698591,43,112,0,1,17711799.157055,24,156,0,1,19901756.966854,66,124,0,12,24498519.331440,19,132,0,1,21880437.784564,
4,1553681747,0.594000,11,160,0,1,22289177.899226,10,148,2,1,22027572.401575,35,136,0,1,20483174.847886,53,168,0,1,20920417.083741,
22,1553681747,0.794000,13,164,0,1,20113837.978751,51,112,0,1,22016350.140884,15,148,0,1,19441019.216878,28,172,0,1,20321197.066428,17,176,0,1,20810322.638671,20,128,2,1,21598830.254032,42,164,0,1,21170725.115600,84,160,0,12,21692765.393657,34,140,0,1,18405009.130465,67,140,0,12,20796218.088153,61,140,0,12,22214247.822742,62,104,0,12,24752922.129568,71,132,0,12,23093111.461494,52,148,0,1,19896626.861717,44,152,0,1,18320455.223996,33,84,0,1,21129829.170648,18,148,0,1,22434624.731177,83,92,0,12,24273948.256395,43,112,0,1,17711835.052153,24,156,0,1,19901658.826829,66,128,0,12,24498442.567932,19,132,0,1,21880296.071346,
4,1553681747,0.794000,11,160,0,1,22289184.460508,10,148,2,1,22027526.769256,35,136,0,1,20483053.045366,53,168,0,1,20920271.932830,
22,1553681747,0.994000,13,164,0,1,20113946.396953,51,112,0,1,22016478.766439,15,148,0,1,19441069.682907,28,172,0,1,20321280.722772,17,176,0,1,20810244.199942,20,128,2,1,21598864.857814,42,164,0,1,21170867.614079,84,160,0,12,21692815.981839,34,140,0,1,18405035.026588,67,140,0,12,20796248.800536,61,140,0,12,22214189.190010,62,108,0,12,24753036.602996,71,132,0,12,23093096.105302,52,148,0,1,19896616.374136,44,152,0,1,18320370.921994,33,84,0,1,21129993.307396,18,148,0,1,22434608.188371,83,92,0,12,24274057.250455,43,108,0,1,17711873.111078,24,156,0,1,19901560.704255,66,128,0,12,24498365.856775,19,132,0,1,21880154.288327,
4,1553681747,0.994000,11,160,0,1,22289191.021790,10,148,2,1,22027481.154386,35,136,0,1,20482931.085795,53,168,0,1,20920126.886620,
22,1553681748,0.194000,13,164,0,1,20114054.850057,51,112,0,1,22016606.240279,15,148,0,1,19441119.939534,28,172,0,1,20321364.431466,17,176,0,1,20810165.883365,20,128,2,1,21598900.281756,42,164,0,1,21171010.130007,84,160,0,12,21692866.535119,34,140,0,1,18405060.887811,67,140,0,12,20796279.425668,61,140,0,12,22214130.679430,62,108,0,12,24753150.029411,71,132,0,12,23093080.522258,52,148,0,1,19896606.078508,44,152,0,1,18320286.724694,33,84,0,1,21130157.810599,18,148,0,1,22434591.942218,83,92,0,12,24274165.529056,43,108,1,1,17711909.424981,24,156,0,1,19901462.668932,66,128,0,12,24498288.988566,19,132,0,1,21880012.575108,
4,1553681748,0.194000,11,160,0,1,22289197.600522,10,152,1,1,22027435.591868,35,136,0,1,20482809.335625,53,168,0,1,20919981.700808,
22,1553681748,0.394000,13,164,0,1,20114163.407861,51,112,0,1,22016735.528943,15,148,0,1,19441170.388114,28,172,0,1,20321448.157611,17,176,0,1,20810087.409736,20,128,2,1,21598934.833187,42,164,0,1,21171152.628485,84,160,0,12,21692917.140751,34,140,0,1,18405086.923535,67,140,0,12,20796310.103151,61,140,0,12,22214071.959447,62,108,0,12,24753264.241086,71,132,0,12,23093065.148616,52,148,0,1,19896595.643277,44,152,0,1,18320202.457592,33,84,0,1,21130321.685593,18,148,0,1,22434575.888018,83,92,0,12,24274275.378177,43,108,0,1,17711948.216815,24,156,0,1,19901364.528907,66,124,0,12,24498212.382110,19,132,0,1,21879870.931691,
4,1553681748,0.394000,11,160,0,1,22289204.161804,10,152,0,1,22027390.046800,35,136,0,1,20482687.480755,53,168,0,1,20919836.672049,
22,1553681748,0.594000,13,164,0,1,20114271.965666,51,112,0,1,22016864.643104,15,148,0,1,19441220.766893,28,172,0,1,20321531.866306,17,176,0,1,20810008.953557,20,128,2,1,21598967.988601,42,164,0,1,21171295.074612,84,160,0,12,21692967.885984,34,140,0,1,18405112.941810,67,140,0,12,20796340.780634,61,140,0,12,22214013.413967,62,108,0,12,24753378.278259,71,132,0,12,23093049.635372,52,148,0,1,19896585.155697,44,152,0,1,18320118.242841,33,84,0,1,21130485.368636,18,144,0,1,22434559.118359,83,92,0,12,24274384.337336,43,108,0,1,17711984.984424,24,156,0,1,19901266.371433,66,124,0,12,24498135.618602,19,132,0,1,21879729.201023,
4,1553681748,0.594000,11,160,0,1,22289210.653285,10,152,0,1,22027344.431930,35,136,0,1,20482565.695685,53,168,0,1,20919691.486237,
