obsCount, time1, time2, sat, SNR, LLI, code,P
22,1554989135,0.797000,12,188,0,1,19851186.759351,14,176,0,1,22208866.797023,2,172,0,1,21265965.500925,93,144,0,1,38434844.338723,25,192,0,1,19388331.722106,32,180,0,1,22746680.849990,54,176,0,1,18398912.687495,53,132,0,1,21189696.663648,60,148,0,12,25527954.041132,6,152,0,1,21698976.041527,64,152,0,12,26553570.433780,85,160,0,12,22648581.595905,44,160,0,1,19568579.343043,45,160,0,1,18672887.470000,36,148,0,1,21737758.454908,83,176,0,12,22081055.685402,62,88,0,12,26361529.356637,29,192,0,1,20750122.458707,37,100,0,1,21809603.484611,55,168,0,1,20807480.024889,31,160,0,1,21567930.193718,46,140,0,1,22392647.191754,
22,1554989135,0.997000,12,188,0,1,19851264.028915,14,176,0,1,22208917.228153,2,172,0,1,21265942.571339,93,144,0,1,38434841.441987,25,192,0,1,19388313.416827,32,180,0,1,22746775.883875,54,176,0,1,18398909.581356,53,132,0,1,21189838.935273,60,148,0,12,25528056.508811,6,152,0,1,21699033.993701,64,152,0,12,26553651.804145,85,160,0,12,22648632.899546,44,160,0,1,19568688.319653,45,160,0,1,18672817.337575,36,144,0,1,21737832.583433,83,176,0,12,22080972.919019,62,88,0,12,26361524.016870,29,192,0,1,20750011.510223,37,96,0,1,21809547.277459,55,168,0,1,20807322.606475,31,160,0,1,21567833.641664,46,140,0,1,22392488.063219,
22,1554989136,0.197000,12,188,0,1,19851341.123977,14,176,0,1,22208967.746533,2,172,0,1,21265919.729004,93,144,0,1,38434838.667403,25,192,0,1,19388295.076648,32,180,0,1,22746870.900311,54,176,0,1,18398906.475217,53,132,0,1,21189980.508890,60,148,0,12,25528158.889238,6,152,0,1,21699091.701571,64,152,0,12,26553733.069809,85,160,0,12,22648684.203186,44,160,0,1,19568797.296263,45,160,0,1,18672747.065548,36,144,0,1,21737906.816659,83,176,0,12,22080890.117736,62,88,0,12,26361519.095909,29,192,0,1,20749900.387237,37,96,0,1,21809491.035408,55,168,0,1,20807165.327662,31,160,0,1,21567736.915107,46,140,0,1,22392329.004484,
22,1554989136,0.397000,12,188,0,1,19851418.288840,14,176,0,1,22209018.352164,2,172,0,1,21265896.939019,93,144,0,1,38434835.980069,25,192,0,1,19388276.753920,32,180,0,1,22746965.916747,54,176,0,1,18398903.264377,53,132,0,1,21190122.623463,60,148,0,12,25528261.287116,6,152,0,1,21699149.583943,64,152,0,12,26553814.300573,85,160,0,12,22648735.314873,44,160,0,1,19568906.290323,45,160,0,1,18672676.793521,36,144,0,1,21737981.014985,83,176,0,12,22080807.473505,62,88,0,12,26361513.250086,29,192,0,1,20749789.386401,37,96,0,1,21809436.102122,55,168,0,1,20807007.944149,31,160,0,1,21567640.380502,46,140,0,1,22392169.841048,
22,1554989136,0.597000,12,188,0,1,19851495.331551,14,176,0,1,22209068.940346,2,172,0,1,21265874.131585,93,144,0,1,38434833.170584,25,192,0,1,19388258.553343,32,180,0,1,22747060.898282,54,176,0,1,18398900.210589,53,132,0,1,21190264.895088,60,148,0,12,25528363.789695,6,152,0,1,21699207.413964,64,152,0,12,26553895.705839,85,160,0,12,22648786.548713,44,160,0,1,19569015.284383,45,160,0,1,18672606.626195,36,144,0,1,21738055.230761,83,176,0,12,22080724.602420,62,88,0,12,26361506.828406,29,192,0,1,20749678.385566,37,96,0,1,21809380.941984,55,168,0,1,20806850.647886,31,160,0,1,21567543.706296,46,140,0,1,22392010.695062,
22,1554989136,0.797000,12,188,0,1,19851572.374263,14,176,0,1,22209119.545977,2,172,0,1,21265851.236899,93,144,0,1,38434830.413450,25,192,0,1,19388240.178263,32,180,0,1,22747156.001968,54,176,0,1,18398897.017199,53,132,0,1,21190406.678107,60,152,0,12,25528466.187572,6,152,0,1,21699265.313787,64,152,0,12,26553977.041304,85,160,0,12,22648837.747652,44,160,0,1,19569124.330793,45,160,0,1,18672536.371619,36,144,0,1,21738129.481437,83,176,0,12,22080641.801137,62,88,0,12,26361501.610791,29,192,0,1,20749567.489433,37,100,0,1,21809326.828859,55,168,0,1,20806693.089870,31,160,0,1,21567447.066990,46,140,0,1,22391851.601427,
22,1554989136,0.997000,12,188,0,1,19851649.521675,14,176,0,1,22209170.099258,2,172,0,1,21265828.534166,93,144,0,1,38434827.656315,25,192,0,1,19388221.890435,32,180,0,1,22747251.088205,54,176,0,1,18398893.841260,53,132,0,1,21190548.810131,60,152,0,12,25528568.585450,6,152,0,1,21699323.265960,64,152,0,12,26554058.498920,85,160,0,12,22648888.929140,44,160,0,1,19569233.377204,45,160,0,1,18672466.064691,36,144,0,1,21738203.557612,83,176,0,12,22080559.279058,62,88,0,12,26361494.787756,29,192,0,1,20749456.453697,37,100,0,1,21809271.057963,55,168,0,1,20806535.706356,31,160,0,1,21567350.392784,46,140,0,1,22391692.525242,
22,1554989137,0.197000,12,188,0,1,19851726.669088,14,176,0,1,22209220.582738,2,172,0,1,21265805.779082,93,144,0,1,38434824.724679,25,192,0,1,19388203.497906,32,180,0,1,22747346.017389,54,176,0,1,18398890.804922,53,132,0,1,21190690.994505,60,152,0,12,25528670.913527,6,152,0,1,21699381.235583,64,152,0,12,26554139.851835,85,160,0,12,22648940.075728,44,160,0,1,19569342.266563,45,160,0,1,18672395.740314,36,144,0,1,21738277.808288,83,176,0,12,22080476.477774,62,88,0,12,26361488.872132,29,192,0,1,20749345.435412,37,100,0,1,21809216.194478,55,168,0,1,20806378.305392,31,160,0,1,21567253.613876,46,140,0,1,22391533.396707,
22,1554989137,0.397000,12,188,0,1,19851803.816500,14,176,0,1,22209271.083668,2,172,0,1,21265782.989097,93,144,0,1,38434821.932644,25,192,0,1,19388185.227528,32,180,0,1,22747441.086176,54,176,0,1,18398887.698783,53,132,0,1,21190832.620472,60,152,0,12,25528773.206703,6,152,0,1,21699439.065605,64,152,0,12,26554221.204750,85,160,0,12,22648991.169966,44,160,0,1,19569451.365324,45,160,0,1,18672325.415936,36,144,0,1,21738352.093865,83,176,0,12,22080393.781193,62,88,0,12,26361483.288062,29,192,0,1,20749234.556728,37,100,0,1,21809162.098803,55,168,0,1,20806220.869528,31,160,0,1,21567156.817518,46,140,0,1,22391374.180920,
22,1554989137,0.597000,12,188,0,1,19851880.876662,14,176,0,1,22209321.602048,2,172,0,1,21265760.164212,93,144,0,1,38434819.123159,25,192,0,1,19388166.904799,32,180,0,1,22747536.154962,54,176,0,1,18398884.487943,53,132,0,1,21190974.735045,60,152,0,12,25528875.639481,6,152,0,1,21699497.017778,64,152,0,12,26554302.767068,85,160,0,12,22649042.351455,44,160,0,1,19569560.394284,45,160,0,1,18672255.266061,36,144,0,1,21738426.309641,83,176,0,12,22080310.997360,62,88,0,12,26361476.883832,29,192,0,1,20749123.520993,37,100,0,1,21809108.875639,55,168,0,1,20806063.468564,31,160,0,1,21567060.160762,46,136,0,1,22391215.122185,
22,1554989137,0.797000,12,188,0,1,19851957.971724,14,176,0,1,22209372.172779,2,172,0,1,21265737.374228,93,144,0,1,38434816.296224,25,192,0,1,19388148.721672,32,180,0,1,22747631.101597,54,176,0,1,18398881.451605,53,132,0,1,21191116.605315,60,152,0,12,25528977.950108,6,152,0,1,21699555.109553,64,152,0,12,26554384.032732,85,160,0,12,22649093.480593,44,160,0,1,19569669.370894,45,160,0,1,18672185.046385,36,144,0,1,21738500.595218,83,176,0,12,22080228.091375,62,88,0,12,26361470.549403,29,192,0,1,20749012.520158,37,104,0,1,21809054.954466,55,168,0,1,20805906.050150,31,160,0,1,21566963.538907,46,136,0,1,22391055.906399,
22,1554989137,0.997000,12,188,0,1,19852035.119137,14,176,0,1,22209422.760961,2,172,0,1,21265714.496993,93,144,0,1,38434813.434388,25,192,0,1,19388130.468744,32,180,0,1,22747726.170383,54,176,0,1,18398878.502518,53,132,0,1,21191258.178932,60,152,0,12,25529080.347986,6,152,0,1,21699613.079176,64,152,0,12,26554465.437998,85,160,0,12,22649144.784233,44,160,0,1,19569778.609257,45,160,0,1,18672114.826709,36,144,0,1,21738574.880795,83,176,0,12,22080145.307542,62,88,0,12,26361464.982784,29,192,0,1,20748901.501873,37,104,0,1,21808999.933930,55,168,0,1,20805748.649186,31,160,0,1,21566867.004302,46,136,0,1,22390896.952365,
22,1554989138,0.197000,12,188,0,1,19852112.249099,14,176,0,1,22209473.261891,2,172,0,1,21265691.689558,93,144,0,1,38434810.677253,25,192,0,1,19388112.215817,32,180,0,1,22747821.169368,54,176,0,1,18398875.431280,53,132,0,1,21191400.049202,60,152,0,12,25529182.798214,6,152,0,1,21699670.909198,64,152,0,12,26554546.825813,85,160,0,12,22649195.948271,44,160,0,1,19569887.638218,45,156,0,1,18672044.781535,36,144,0,1,21738649.009320,83,176,0,12,22080062.715662,62,88,0,12,26361458.473853,29,192,0,1,20748790.518488,37,104,0,1,21808945.646302,55,168,0,1,20805591.283122,31,160,0,1,21566770.312646,46,136,0,1,22390737.945981,
22,1554989138,0.397000,12,188,0,1,19852189.309261,14,176,0,1,22209523.797721,2,172,0,1,21265668.917024,93,144,0,1,38434807.780517,25,192,0,1,19388093.875638,32,180,0,1,22747916.168354,54,176,0,1,18398872.325141,53,132,0,1,21191541.832221,60,152,0,12,25529285.388044,6,152,0,1,21699728.791570,64,152,0,12,26554627.986776,85,160,0,12,22649247.042509,44,160,0,1,19569996.492676,45,156,0,1,18671974.492058,36,144,0,1,21738723.399598,83,176,0,12,22079980.019080,62,88,0,12,26361451.685718,29,192,0,1,20748679.535103,37,104,0,1,21808892.213736,55,168,0,1,20805433.882158,31,160,0,1,21566673.655890,46,136,0,1,22390578.869796,
22,1554989138,0.597000,12,188,0,1,19852266.526474,14,176,0,1,22209574.351002,2,172,0,1,21265646.196840,93,144,0,1,38434805.023383,25,192,0,1,19388075.709961,32,180,0,1,22748011.184789,54,176,0,1,18398869.410955,53,132,0,1,21191683.597790,60,152,0,12,25529387.890623,6,152,0,1,21699786.726293,64,152,0,12,26554709.269890,85,160,0,12,22649298.258898,44,160,0,1,19570105.469286,45,156,0,1,18671904.359633,36,144,0,1,21738797.615374,83,176,0,12,22079897.200346,62,88,0,12,26361445.264038,29,192,0,1,20748568.604069,37,108,0,1,21808838.955671,55,168,0,1,20805276.463744,31,160,0,1,21566577.051484,46,136,0,1,22390419.741261,
22,1554989138,0.797000,12,188,0,1,19852343.604086,14,176,0,1,22209625.026434,2,172,0,1,21265623.459207,93,144,0,1,38434802.213898,25,192,0,1,19388057.422133,32,180,0,1,22748106.253575,54,176,0,1,18398866.479318,53,132,0,1,21191825.520411,60,152,0,12,25529490.288501,6,152,0,1,21699844.503964,64,152,0,12,26554790.622805,85,160,0,12,22649349.632339,44,160,0,1,19570214.550597,45,156,0,1,18671834.174857,36,144,0,1,21738871.900951,83,176,0,12,22079814.311812,62,88,0,12,26361440.709531,29,192,0,1,20748457.585784,37,108,3,1,21808786.029161,55,168,0,1,20805119.237282,31,160,0,1,21566480.412178,46,136,0,1,22390260.647626,
22,1554989138,0.997000,12,188,0,1,19852420.751498,14,176,0,1,22209675.632066,2,172,0,1,21265600.843725,93,144,0,1,38434799.404413,25,192,0,1,19388039.064504,32,180,0,1,22748201.217660,54,176,0,1,18398863.582582,53,132,0,1,21191967.338331,60,152,0,12,25529592.878331,6,152,0,1,21699902.333986,64,152,0,12,26554871.783768,85,160,0,12,22649400.831278,44,160,0,1,19570323.631908,45,156,0,1,18671764.059882,36,144,0,1,21738946.273779,83,176,0,12,22079731.597780,62,88,0,12,26361435.491916,29,192,0,1,20748346.619849,37,108,2,1,21808731.532131,55,168,0,1,20804961.923569,31,160,0,1,21566383.912474,46,136,0,1,22390101.588891,
22,1554989139,0.197000,12,188,0,1,19852497.916361,14,176,0,1,22209726.185347,2,172,0,1,21265578.053740,93,144,0,1,38434796.437876,25,192,0,1,19388020.759225,32,180,0,1,22748296.129395,54,176,0,1,18398860.685846,53,132,0,1,21192109.034099,60,152,0,12,25529695.328559,6,152,0,1,21699960.233808,64,152,0,12,26554953.223934,85,160,0,12,22649451.960416,44,160,0,1,19570432.625968,45,156,0,1,18671693.648253,36,144,0,1,21739020.576806,83,176,0,12,22079648.848847,62,88,0,12,26361429.838045,29,192,0,1,20748235.741165,37,108,2,1,21808677.349205,55,168,0,1,20804804.470254,31,160,0,1,21566287.133567,46,136,0,1,22389942.582507,
22,1554989139,0.397000,12,188,0,1,19852575.011423,14,176,0,1,22209776.668827,2,172,0,1,21265555.281206,93,144,0,1,38434793.628391,25,192,0,1,19388002.506298,32,180,0,1,22748391.023679,54,176,0,1,18398857.562257,53,132,0,1,21192250.886919,60,152,0,12,25529797.674086,6,152,0,1,21700018.220882,64,152,0,12,26555034.541949,85,160,0,12,22649503.211705,44,164,0,1,19570541.742179,45,156,0,1,18671623.446027,36,144,0,1,21739094.879833,83,176,0,12,22079566.187166,62,88,0,12,26361424.079473,29,192,0,1,20748124.810131,37,108,2,1,21808624.195841,55,168,0,1,20804647.104191,31,160,0,1,21566190.529161,46,136,0,1,22389783.628473,
22,1554989139,0.597000,12,188,0,1,19852652.228637,14,176,0,1,22209827.222107,2,172,0,1,21265532.665724,93,144,0,1,38434790.888707,25,192,0,1,19387984.183569,32,180,0,1,22748486.040114,54,176,0,1,18398854.595720,53,132,0,1,21192392.704838,60,152,0,12,25529900.176665,6,152,0,1,21700076.120704,64,152,0,12,26555115.807613,85,160,0,12,22649554.445544,44,164,0,1,19570650.840941,45,156,0,1,18671553.226351,36,144,0,1,21739169.200311,83,176,0,12,22079483.630186,62,84,0,12,26361417.936997,29,192,0,1,20748013.879097,37,112,2,1,21808571.949889,55,168,0,1,20804489.720677,31,160,0,1,21566093.872405,46,136,0,1,22389624.552289,
22,1554989139,0.797000,12,188,0,1,19852729.341149,14,176,0,1,22209877.862639,2,172,0,1,21265509.910640,93,144,0,1,38434788.166473,25,192,0,1,19387965.913191,32,180,0,1,22748581.196152,54,176,0,1,18398851.681534,53,132,0,1,21192534.487857,60,152,0,12,25530002.609443,6,152,0,1,21700134.037977,64,152,0,12,26555197.108177,85,160,0,12,22649605.627033,44,164,0,1,19570759.939702,45,156,0,1,18671483.093926,36,148,0,1,21739243.503338,83,176,0,12,22079401.020855,62,84,0,12,26361413.190538,29,192,0,1,20747902.948063,37,112,2,1,21808518.552223,55,168,0,1,20804332.232462,31,160,0,1,21565997.198199,46,136,0,1,22389465.423753,
22,1554989139,0.997000,12,188,0,1,19852806.471111,14,176,0,1,22209928.590422,2,172,0,1,21265487.138106,93,144,0,1,38434785.409338,25,192,0,1,19387947.642813,32,180,0,1,22748676.264938,54,176,0,1,18398848.802248,53,132,0,1,21192676.323227,60,152,0,12,25530105.216724,6,152,0,1,21700192.077401,64,152,0,12,26555278.565794,85,160,0,12,22649656.825972,44,164,0,1,19570868.986113,45,156,0,1,18671413.048752,36,148,0,1,21739317.945967,83,176,0,12,22079318.202122,62,84,0,12,26361408.252126,29,192,0,1,20747791.947228,37,112,2,1,21808466.306271,55,168,0,1,20804174.831498,31,160,0,1,21565900.489092,46,136,0,1,22389306.382469,
22,1554989140,0.197000,12,188,0,1,19852883.635974,14,176,0,1,22209979.073902,2,172,0,1,21265464.400472,93,144,0,1,38434782.617303,25,192,0,1,19387929.494587,32,180,0,1,22748771.281374,54,176,0,1,18398845.818260,53,132,0,1,21192818.141147,60,152,0,12,25530207.701853,6,152,0,1,21700249.889972,64,152,0,12,26555360.075761,85,160,0,12,22649707.937660,44,164,0,1,19570978.049973,45,156,0,1,18671342.916327,36,148,0,1,21739392.214094,83,176,0,12,22079235.435739,62,80,0,12,26361401.882796,29,192,0,1,20747680.981293,37,112,2,1,21808414.618726,55,168,0,1,20804017.378183,31,160,0,1,21565803.902137,46,136,0,1,22389147.323734,
22,1554989140,0.397000,12,188,0,1,19852960.922989,14,176,0,1,22210029.592283,2,172,0,1,21265441.680289,93,144,0,1,38434779.964870,25,192,0,1,19387911.136958,32,180,0,1,22748866.350160,54,176,0,1,18398842.816823,53,132,0,1,21192959.959066,60,152,0,12,25530310.134631,6,152,0,1,21700307.894496,64,152,0,12,26555441.481027,85,160,0,12,22649759.171499,44,164,0,1,19571087.218536,45,156,0,1,18671272.696651,36,148,0,1,21739466.604372,83,176,0,12,22079152.582105,62,80,0,12,26361395.932272,29,192,0,1,20747569.997908,37,116,2,1,21808361.290861,55,168,0,1,20803860.012120,31,160,0,1,21565707.315182,46,136,0,1,22388988.212648,
22,1554989140,0.597000,12,188,0,1,19853038.087851,14,176,0,1,22210080.232814,2,172,0,1,21265418.855404,93,144,0,1,38434777.172835,25,192,0,1,19387892.849129,32,180,0,1,22748961.418946,54,180,0,1,18398839.885186,53,132,0,1,21193101.899138,60,152,0,12,25530412.654660,6,152,0,1,21700365.811769,64,152,0,12,26555522.816491,85,160,0,12,22649810.440239,44,164,0,1,19571196.387098,45,156,0,1,18671202.599126,36,148,0,1,21739540.924849,83,176,0,12,22079069.850623,62,84,0,12,26361390.557605,29,192,0,1,20747459.066874,37,116,2,1,21808307.230086,55,168,0,1,20803702.611156,31,160,0,1,21565610.658426,46,136,0,1,22388829.153914,
22,1554989140,0.797000,12,188,0,1,19853115.305065,14,176,0,1,22210130.803545,2,172,0,1,21265396.100320,93,144,0,1,38434774.311000,25,192,0,1,19387874.578751,32,180,0,1,22749056.400481,54,180,0,1,18398837.162952,53,132,0,1,21193243.856659,60,152,0,12,25530515.069988,6,152,0,1,21700423.711591,64,152,0,12,26555604.169407,85,160,0,12,22649861.848580,44,164,0,1,19571305.381158,45,156,0,1,18671132.362000,36,144,0,1,21739615.350028,83,176,0,12,22078986.979539,62,80,0,12,26361385.025886,29,192,0,1,20747348.188191,37,112,2,1,21808253.605567,55,168,0,1,20803545.279992,31,160,0,1,21565514.088921,46,136,0,1,22388670.130080,
22,1554989140,0.997000,12,188,0,1,19853192.452478,14,176,0,1,22210181.444077,2,172,0,1,21265373.449937,93,144,0,1,38434771.449164,25,192,0,1,19387856.360724,32,180,0,1,22749151.469267,54,180,0,1,18398834.388368,53,132,0,1,21193385.692029,60,152,0,12,25530617.537666,6,152,0,1,21700481.698665,64,152,0,12,26555685.435071,85,160,0,12,22649913.099870,44,164,0,1,19571414.462469,45,156,0,1,18671062.159774,36,144,0,1,21739689.705406,83,176,0,12,22078904.021204,62,80,0,12,26361378.133050,29,192,0,1,20747237.292057,37,112,2,1,21808199.317940,55,168,0,1,20803387.966279,31,160,0,1,21565417.501966,46,136,0,1,22388511.053895,
22,1554989141,0.197000,12,188,0,1,19853269.617340,14,176,0,1,22210232.119510,2,172,0,1,21265350.712303,93,144,0,1,38434768.552428,25,192,0,1,19387838.107796,32,180,0,1,22749246.381002,54,180,0,1,18398831.421831,53,132,0,1,21193527.544849,60,152,0,12,25530719.900644,6,152,0,1,21700539.615937,64,152,0,12,26555766.770535,85,160,0,12,22649964.403510,44,164,0,1,19571523.561230,45,156,0,1,18670991.992448,36,144,0,1,21739764.095684,83,176,0,12,22078821.185020,62,80,0,12,26361371.781171,29,192,0,1,20747126.326122,37,112,2,1,21808146.513581,55,168,0,1,20803230.635116,31,160,0,1,21565320.932461,46,136,0,1,22388351.925359,
22,1554989141,0.397000,12,188,0,1,19853346.904355,14,176,0,1,22210282.707691,2,172,0,1,21265328.061921,93,144,0,1,38434765.742943,25,192,0,1,19387819.872319,32,180,0,1,22749341.432338,54,180,0,1,18398828.455294,53,132,0,1,21193669.432569,60,152,0,12,25530822.298521,6,152,0,1,21700597.620461,64,152,0,12,26555848.123451,85,160,0,12,22650015.742050,44,164,0,1,19571632.590191,45,156,0,1,18670921.755322,36,144,0,1,21739838.485962,83,176,0,12,22078738.348836,62,80,0,12,26361365.935348,29,192,0,1,20747015.307837,37,112,2,1,21808093.028664,55,168,0,1,20803073.338854,31,160,0,1,21565224.397856,46,136,0,1,22388192.884075,
22,1554989141,0.597000,12,188,0,1,19853424.034317,14,176,0,1,22210333.435474,2,172,0,1,21265305.394088,93,144,0,1,38434763.003259,25,192,0,1,19387801.601941,32,180,0,1,22749436.518574,54,180,0,1,18398825.506207,53,132,0,1,21193811.180688,60,152,0,12,25530924.783650,6,152,0,1,21700655.642435,64,152,0,12,26555929.458915,85,160,0,12,22650067.132942,44,164,0,1,19571741.671502,45,156,0,1,18670851.657797,36,148,0,1,21739912.911141,83,176,0,12,22078655.669705,62,80,0,12,26361360.141876,29,192,0,1,20746904.394253,37,112,2,1,21808040.137054,55,168,0,1,20802916.112392,31,160,0,1,21565127.671299,46,136,0,1,22388033.738089,
22,1554989141,0.797000,12,188,0,1,19853501.199180,14,176,0,1,22210384.180707,2,172,0,1,21265282.865857,93,144,0,1,38434760.158873,25,192,0,1,19387783.261762,32,180,0,1,22749531.500109,54,180,0,1,18398822.696722,53,132,0,1,21193953.068408,60,152,0,12,25531027.321130,6,152,0,1,21700713.594608,64,152,0,12,26556010.707129,85,160,0,12,22650118.401681,44,164,0,1,19571850.909865,45,156,0,1,18670781.490472,36,144,0,1,21739987.283969,83,176,0,12,22078573.042924,62,76,0,12,26361354.034299,29,192,0,1,20746793.550470,37,112,2,1,21807986.093729,55,168,0,1,20802758.728878,31,160,0,1,21565031.171595,46,136,0,1,22387874.661904,
22,1554989141,0.997000,12,188,0,1,19853578.451294,14,176,0,1,22210434.856139,2,172,0,1,21265260.040972,93,144,0,1,38434757.349388,25,192,0,1,19387765.008834,32,180,0,1,22749626.551445,54,180,0,1,18398819.799986,53,128,0,1,21194094.921228,60,152,0,12,25531129.928410,6,152,0,1,21700771.651483,64,152,0,12,26556091.990243,85,160,0,12,22650169.600620,44,164,0,1,19571959.903925,45,156,0,1,18670711.410397,36,148,0,1,21740061.621896,83,176,0,12,22078490.363792,62,76,0,12,26361348.781784,29,192,0,1,20746682.689237,37,108,2,1,21807932.085305,55,168,0,1,20802601.397715,31,160,0,1,21564934.619540,46,136,0,1,22387715.585719,
22,1554989142,0.197000,12,188,0,1,19853655.528906,14,176,0,1,22210485.479221,2,172,0,1,21265237.355689,93,144,0,1,38434754.539903,25,192,0,1,19387746.755907,32,180,0,1,22749721.567881,54,180,0,1,18398816.781098,53,128,0,1,21194236.634446,60,152,0,12,25531232.448439,6,152,0,1,21700829.603656,64,152,0,12,26556173.273358,85,160,0,12,22650220.851910,44,164,0,1,19572069.072487,45,156,0,1,18670641.138370,36,148,0,1,21740136.047075,83,176,0,12,22078407.614860,62,76,0,12,26361342.709108,29,192,0,1,20746571.723302,37,108,2,1,21807877.343972,55,168,0,1,20802444.066552,31,160,0,1,21564838.137287,46,136,0,1,22387556.579335,
22,1554989142,0.397000,12,188,0,1,19853732.798470,14,176,0,1,22210536.189554,2,172,0,1,21265214.618055,93,144,0,1,38434751.747868,25,192,0,1,19387728.555329,32,180,0,1,22749816.601767,54,180,0,1,18398813.954163,53,128,0,1,21194378.400015,60,152,0,12,25531334.933568,6,152,0,1,21700887.625630,64,152,0,12,26556254.643723,85,160,0,12,22650272.155550,44,164,0,1,19572178.293400,45,156,0,1,18670571.023396,36,148,0,1,21740210.594405,83,176,0,12,22078324.988079,62,76,0,12,26361337.299541,29,192,0,1,20746460.809718,37,108,2,1,21807823.265748,55,168,0,1,20802286.805189,31,160,0,1,21564741.532881,46,136,0,1,22387397.642752,
22,1554989142,0.597000,12,188,0,1,19853810.033134,14,176,0,1,22210586.795185,2,172,0,1,21265192.037474,93,144,0,1,38434748.990734,25,192,0,1,19387710.284951,32,180,0,1,22749911.705453,54,180,0,1,18398811.074877,53,128,0,1,21194520.305186,60,152,0,12,25531437.279095,6,152,0,1,21700945.665054,64,152,0,12,26556336.048989,85,160,0,12,22650323.476640,44,164,0,1,19572287.549213,45,156,0,1,18670500.978222,36,148,0,1,21740285.071934,83,176,0,12,22078242.239146,62,72,0,12,26361331.767822,29,192,0,1,20746349.861234,37,108,2,1,21807769.065371,55,168,0,1,20802129.474026,31,160,0,1,21564644.980826,46,136,0,1,22387238.566567,
22,1554989142,0.797000,12,188,0,1,19853887.145646,14,176,0,1,22210637.575319,2,172,0,1,21265169.404541,93,144,0,1,38434746.198699,25,192,0,1,19387692.154175,32,180,0,1,22750006.756790,54,180,0,1,18398808.230491,53,128,0,1,21194662.280158,60,152,0,12,25531539.729323,6,152,0,1,21701003.704478,64,156,0,12,26556417.436804,85,160,0,12,22650374.850081,44,164,0,1,19572396.735225,45,156,0,1,18670430.845796,36,148,0,1,21740359.479663,83,176,0,12,22078159.507664,62,72,0,12,26361326.515306,29,192,0,1,20746238.947650,37,108,2,1,21807715.231449,55,168,0,1,20801972.125413,31,160,0,1,21564548.446222,46,136,0,1,22387079.507832,
22,1554989142,0.997000,12,188,0,1,19853964.415210,14,176,0,1,22210688.198400,2,172,0,1,21265146.771609,93,144,0,1,38434743.441564,25,192,0,1,19387673.936148,32,180,0,1,22750101.843026,54,180,0,1,18398805.211604,53,128,0,1,21194804.185328,60,152,0,12,25531642.162101,6,152,0,1,21701061.691552,64,156,0,12,26556498.719919,85,160,0,12,22650426.136271,44,164,0,1,19572505.903788,45,156,0,1,18670360.835523,36,148,0,1,21740433.904842,83,176,0,12,22078076.793632,62,68,0,12,26361320.425180,29,192,0,1,20746128.034066,37,108,2,1,21807661.327727,55,168,0,1,20801814.898951,31,160,0,1,21564451.929068,46,136,0,1,22386920.466548,
22,1554989143,0.197000,12,188,0,1,19854041.545172,14,176,0,1,22210738.751681,2,172,0,1,21265124.138676,93,144,0,1,38434740.649530,25,188,0,1,19387655.787921,32,180,0,1,22750196.894362,54,180,0,1,18398802.384668,53,128,0,1,21194946.125399,60,152,0,12,25531744.559979,6,152,0,1,21701119.748426,64,156,0,12,26556580.107734,85,160,0,12,22650477.195608,44,164,0,1,19572615.142151,45,156,0,1,18670290.703098,36,148,0,1,21740508.330020,83,176,0,12,22077994.184301,62,68,0,12,26361315.033063,29,192,0,1,20746017.068131,37,108,2,1,21807607.982411,55,168,0,1,20801657.689939,31,160,0,1,21564355.342112,46,136,0,1,22386761.268211,
22,1554989143,0.397000,12,188,0,1,19854118.710035,14,176,0,1,22210789.462014,2,172,0,1,21265101.523194,93,144,0,1,38434737.944746,25,188,0,1,19387637.587344,32,180,0,1,22750291.998049,54,180,0,1,18398799.627534,53,128,0,1,21195087.960769,60,152,0,12,25531846.940407,6,156,0,1,21701177.822751,64,156,0,12,26556661.704952,85,160,0,12,22650528.481798,44,164,0,1,19572724.380514,45,156,0,1,18670220.588123,36,148,0,1,21740582.859900,83,176,0,12,22077911.505169,62,68,0,12,26361308.768435,29,192,0,1,20745906.189448,37,108,2,1,21807553.782035,55,168,0,1,20801500.341326,31,160,0,1,21564258.685356,46,136,0,1,22386602.226927,
22,1554989143,0.597000,12,188,0,1,19854195.892348,14,176,0,1,22210840.050195,2,172,0,1,21265078.890262,93,144,0,1,38434735.170161,25,188,0,1,19387619.351867,32,180,0,1,22750387.119186,54,180,0,1,18398796.818049,53,128,0,1,21195229.935741,60,152,0,12,25531949.373185,6,156,0,1,21701235.844725,64,156,0,12,26556743.197469,85,160,0,12,22650579.855239,44,164,0,1,19572833.636327,45,156,0,1,18670150.438248,36,148,0,1,21740657.337429,83,176,0,12,22077828.686436,62,68,0,12,26361303.690421,29,192,0,1,20745795.258414,37,108,2,1,21807499.860862,55,168,0,1,20801343.027613,31,160,0,1,21564162.150752,46,136,0,1,22386443.080941,
22,1554989143,0.797000,12,188,0,1,19854273.109562,14,176,0,1,22210890.638376,2,172,0,1,21265056.274780,93,144,0,1,38434732.308326,25,188,0,1,19387601.168740,32,180,0,1,22750482.240322,54,180,0,1,18398793.973664,53,128,0,1,21195371.753660,60,152,0,12,25532051.753612,6,156,0,1,21701293.936500,64,156,0,12,26556824.759787,85,160,0,12,22650631.106529,44,164,0,1,19572942.874690,45,156,0,1,18670080.305823,36,148,0,1,21740731.780058,83,176,0,12,22077746.077105,62,68,0,12,26361298.054001,29,192,0,1,20745684.309929,37,104,2,1,21807446.480646,55,168,0,1,20801185.801151,31,160,0,1,21564065.563797,46,136,0,1,22386283.969856,
22,1554989143,0.997000,12,188,0,1,19854350.239524,14,176,0,1,22210941.244008,2,172,0,1,21265033.746548,93,144,0,1,38434729.394139,25,188,0,1,19387583.037964,32,180,0,1,22750577.309109,54,180,0,1,18398791.094378,53,128,0,1,21195513.658831,60,152,0,12,25532154.256191,6,156,0,1,21701351.888673,64,156,0,12,26556906.112702,85,160,0,12,22650682.410169,44,164,0,1,19573052.130503,45,156,0,1,18670010.312999,36,148,0,1,21740806.257588,83,176,0,12,22077663.450324,62,72,0,12,26361291.370568,29,192,0,1,20745573.361445,37,104,2,1,21807392.978278,55,168,0,1,20801028.574690,31,160,0,1,21563968.907040,46,136,0,1,22386124.893671,
22,1554989144,0.197000,12,188,0,1,19854427.474188,14,176,0,1,22210991.971791,2,172,0,1,21265011.096166,93,144,0,1,38434726.549754,25,188,0,1,19387564.802486,32,180,0,1,22750672.325544,54,180,0,1,18398788.302343,53,128,0,1,21195655.546551,60,152,0,12,25532256.584268,6,156,0,1,21701409.858296,64,156,0,12,26556987.517968,85,160,0,12,22650733.626558,44,164,0,1,19573161.281615,45,156,0,1,18669940.320176,36,152,0,1,21740880.770017,83,176,0,12,22077580.491989,62,68,0,12,26361284.495182,29,192,0,1,20745462.587463,37,104,2,1,21807339.894716,55,168,0,1,20800871.330777,31,160,0,1,21563872.372436,46,136,0,1,22385965.834936,
22,1554989144,0.397000,12,188,0,1,19854504.673951,14,176,0,1,22211042.751924,2,176,0,1,21264988.585385,93,144,0,1,38434723.757719,25,188,0,1,19387546.619359,32,180,0,1,22750767.341980,54,180,0,1,18398785.405607,53,128,0,1,21195797.364471,60,148,0,12,25532359.086847,6,156,0,1,21701467.932621,64,156,0,12,26557068.888333,85,160,0,12,22650784.982549,44,164,0,1,19573270.450177,45,156,0,1,18669870.292452,36,152,0,1,21740955.212646,83,176,0,12,22077497.935009,62,68,0,12,26361278.125852,29,192,0,1,20745351.691329,37,104,2,1,21807285.502387,55,168,0,1,20800713.929813,31,160,0,1,21563775.785481,46,136,0,1,22385806.723851,
22,1554989144,0.597000,12,188,0,1,19854581.838814,14,176,0,1,22211093.287755,2,176,0,1,21264966.057154,93,144,0,1,38434720.913333,25,188,0,1,19387528.348981,32,180,0,1,22750862.515467,54,180,0,1,18398782.526321,53,128,0,1,21195939.182390,60,148,0,12,25532461.641777,6,156,0,1,21701526.059296,64,156,0,12,26557150.241248,85,160,0,12,22650836.303639,44,164,0,1,19573379.548939,45,156,0,1,18669800.334529,36,152,0,1,21741029.707626,83,176,0,12,22077415.203527,62,68,0,12,26361272.192778,29,192,0,1,20745240.882446,37,104,2,1,21807231.947669,55,172,0,1,20800556.720802,31,160,0,1,21563679.355578,46,136,0,1,22385647.700016,
22,1554989144,0.797000,12,188,0,1,19854659.003677,14,176,0,1,22211144.102789,2,176,0,1,21264943.546373,93,144,0,1,38434718.156199,25,188,0,1,19387510.130954,32,180,0,1,22750957.636604,54,180,0,1,18398779.804087,53,128,0,1,21196081.087561,60,148,0,12,25532564.057105,6,156,0,1,21701584.098720,64,156,0,12,26557231.698864,85,160,0,12,22650887.711981,44,164,0,1,19573488.682601,45,156,0,1,18669730.411507,36,152,0,1,21741104.185155,83,176,0,12,22077332.349893,62,68,0,12,26361265.038189,29,192,0,1,20745130.021213,37,104,2,1,21807179.248012,55,172,0,1,20800399.494340,31,160,0,1,21563582.803523,46,136,0,1,22385488.623831,
22,1554989144,0.997000,12,188,0,1,19854736.168540,14,176,0,1,22211194.673520,2,176,0,1,21264921.000692,93,144,0,1,38434715.416515,25,188,0,1,19387491.947827,32,180,0,1,22751052.740291,54,180,0,1,18398776.924801,53,128,0,1,21196222.870580,60,152,0,12,25532666.420082,6,156,0,1,21701642.138144,64,152,0,12,26557313.086680,85,160,0,12,22650938.998170,44,164,0,1,19573597.781362,45,156,0,1,18669660.366333,36,152,0,1,21741178.732485,83,176,0,12,22077249.531159,62,68,0,12,26361257.517145,29,192,0,1,20745019.090179,37,104,0,1,21807125.867796,55,172,0,1,20800242.180627,31,160,0,1,21563486.303819,46,136,0,1,22385329.617447,
22,1554989145,0.197000,12,188,0,1,19854813.403203,14,176,0,1,22211245.314052,2,176,0,1,21264898.489911,93,144,0,1,38434712.589580,25,188,0,1,19387473.764700,32,180,0,1,22751147.948679,54,180,0,1,18398773.888463,53,124,0,1,21196364.705950,60,152,0,12,25532768.783059,6,156,0,1,21701700.247369,64,152,0,12,26557394.317444,85,160,0,12,22650990.284360,44,164,0,1,19573706.757972,45,156,0,1,18669590.373509,36,152,0,1,21741253.262365,83,176,0,12,22077166.904378,62,68,0,12,26361251.898175,29,192,0,1,20744908.176595,37,104,0,1,21807073.412441,55,172,0,1,20800084.936715,31,160,0,1,21563389.699413,46,132,0,1,22385170.593613,
22,1554989145,0.397000,12,188,0,1,19854890.707668,14,176,0,1,22211296.006935,2,176,0,1,21264875.926779,93,144,0,1,38434709.710294,25,188,0,1,19387455.581573,32,180,0,1,22751243.261768,54,176,0,1,18398770.974277,53,124,0,1,21196506.506419,60,152,0,12,25532871.285638,6,156,0,1,21701758.443846,64,152,0,12,26557475.827411,85,160,0,12,22651041.640351,44,164,0,1,19573815.926534,45,156,0,1,18669520.398136,36,152,0,1,21741327.739895,83,176,0,12,22077084.312498,62,68,0,12,26361246.471157,29,192,0,1,20744797.402613,37,104,0,1,21807020.381229,55,172,0,1,20799927.675353,31,160,0,1,21563293.182259,46,132,0,1,22385011.430177,
22,1554989145,0.597000,12,188,0,1,19854967.959782,14,176,0,1,22211346.699817,2,176,0,1,21264853.363648,93,144,0,1,38434706.900809,25,188,0,1,19387437.398446,32,180,0,1,22751338.470156,54,176,0,1,18398768.042640,53,124,0,1,21196648.429040,60,152,0,12,25532973.596265,6,156,0,1,21701816.553071,64,152,0,12,26557557.250127,85,160,0,12,22651092.874191,44,164,0,1,19573925.077646,45,156,0,1,18669450.457663,36,152,0,1,21741402.322125,83,176,0,12,22077001.476314,62,72,0,12,26361240.328681,29,192,0,1,20744686.541379,37,104,0,1,21806966.826511,55,172,0,1,20799770.448891,31,160,0,1,21563196.612754,46,132,0,1,22384852.319092,
22,1554989145,0.797000,12,188,0,1,19855045.264247,14,176,0,1,22211397.445050,2,176,0,1,21264830.765616,93,144,0,1,38434704.143674,25,188,0,1,19387419.162969,32,180,0,1,22751433.713445,54,176,0,1,18398765.198254,53,124,0,1,21196790.438912,60,152,0,12,25533076.133744,6,156,0,1,21701874.732097,64,152,0,12,26557638.620492,85,160,0,12,22651144.177831,44,164,0,1,19574034.263658,45,156,0,1,18669380.464840,36,152,0,1,21741476.834555,83,176,0,12,22076918.936784,62,72,0,12,26361234.325806,29,192,0,1,20744575.784847,37,100,0,1,21806912.957689,55,172,0,1,20799613.117728,31,160,0,1,21563100.060699,46,132,0,1,22384693.225457,
22,1554989145,0.997000,12,188,0,1,19855122.551261,14,176,0,1,22211448.260084,2,176,0,1,21264808.289735,93,144,0,1,38434701.316739,25,188,0,1,19387400.997292,32,180,0,1,22751528.782231,54,176,0,1,18398762.406220,53,124,0,1,21196932.396434,60,152,0,12,25533178.618873,6,156,0,1,21701932.980923,64,152,0,12,26557720.043208,85,160,0,12,22651195.464021,44,164,0,1,19574143.344969,45,156,0,1,18669310.489467,36,152,0,1,21741551.504037,83,176,0,12,22076836.222752,62,76,0,12,26361227.101416,29,192,0,1,20744464.906164,37,100,0,1,21806857.884802,55,172,0,1,20799455.838915,31,160,0,1,21563003.560995,46,132,0,1,22384534.253973,
22,1554989146,0.197000,12,188,0,1,19855199.855725,14,176,0,1,22211498.918066,2,176,0,1,21264785.656803,93,144,0,1,38434698.420003,25,188,0,1,19387382.831616,32,180,0,1,22751623.833567,54,176,0,1,18398759.404782,53,124,0,1,21197074.336505,60,152,0,12,25533281.016751,6,156,0,1,21701991.125049,64,152,0,12,26557801.448474,85,160,0,12,22651246.820011,44,164,0,1,19574252.548432,45,156,0,1,18669240.548994,36,152,0,1,21741625.981566,83,176,0,12,22076753.543621,62,76,0,12,26361221.866350,29,192,0,1,20744353.940229,37,96,0,1,21806803.248170,55,168,0,1,20799298.490302,31,160,0,1,21562907.026391,46,132,0,1,22384375.073087,
22,1554989146,0.397000,12,188,0,1,19855277.212541,14,176,0,1,22211549.680750,2,176,0,1,21264763.111122,93,144,0,1,38434695.436015,25,188,0,1,19387364.805541,32,184,0,1,22751719.007055,54,176,0,1,18398756.682548,53,124,0,1,21197216.276576,60,152,0,12,25533383.554230,6,156,0,1,21702049.338975,64,152,0,12,26557882.975891,85,160,0,12,22651298.315604,44,164,0,1,19574361.699544,45,156,0,1,18669170.625972,36,152,0,1,21741700.546346,83,176,0,12,22076670.812138,62,76,0,12,26361215.793674,29,192,0,1,20744242.921944,37,96,0,1,21806749.396798,55,168,0,1,20799141.228940,31,160,0,1,21562810.561587,46,132,0,1,22384215.892201,
22,1554989146,0.597000,12,188,0,1,19855354.534456,14,176,0,1,22211600.373632,2,176,0,1,21264740.513090,93,144,0,1,38434692.678881,25,188,0,1,19387346.657314,32,180,0,1,22751814.145642,54,176,0,1,18398753.838163,53,124,0,1,21197358.199197,60,152,0,12,25533485.899757,6,156,0,1,21702107.570352,64,152,0,12,26557964.346256,85,160,0,12,22651349.793746,44,164,0,1,19574470.745954,45,156,0,1,18669100.563348,36,152,0,1,21741775.146027,83,176,0,12,22076587.993405,62,76,0,12,26361209.232393,29,192,0,1,20744132.113061,37,92,0,1,21806695.510526,55,168,0,1,20798983.932677,31,160,0,1,21562714.096783,46,132,0,1,22384056.711314,
22,1554989146,0.797000,12,188,0,1,19855431.769119,14,176,0,1,22211651.118866,2,176,0,1,21264718.002309,93,144,0,1,38434689.939197,25,188,0,1,19387328.578889,32,184,0,1,22751909.214428,54,176,0,1,18398751.028678,53,124,0,1,21197498.987553,60,152,0,12,25533588.402336,6,156,0,1,21702165.731928,64,152,0,12,26558045.594470,85,160,0,12,22651401.236988,44,164,0,1,19574579.740014,45,160,0,1,18669030.587974,36,152,0,1,21741849.710808,83,176,0,12,22076505.244472,62,80,0,12,26361202.740912,29,192,0,1,20744021.286729,37,92,0,1,21806641.571903,55,168,0,1,20798826.776016,31,160,0,1,21562617.562179,46,132,0,1,22383897.687480,
22,1554989146,0.997000,12,188,0,1,19855509.091034,14,176,0,1,22211701.846648,2,176,0,1,21264695.386826,93,144,0,1,38434687.112262,25,188,0,1,19387310.378312,32,184,0,1,22752004.457716,54,176,0,1,18398748.219193,53,124,0,1,21197638.135590,60,152,0,12,25533690.887465,6,156,0,1,21702223.841153,64,152,0,12,26558126.912485,85,160,0,12,22651452.488278,44,164,0,1,19574688.891126,45,156,0,1,18668960.647502,36,152,0,1,21741924.380289,83,176,0,12,22076422.722393,62,80,0,12,26361196.109829,29,192,0,1,20743910.617448,37,92,0,1,21806587.039972,55,168,0,1,20798669.532104,31,160,0,1,21562521.062475,46,132,0,1,22383738.628745,
22,1554989147,0.197000,12,188,0,1,19855586.308248,14,176,0,1,22211752.591882,2,176,0,1,21264672.806245,93,144,0,1,38434684.320227,25,188,0,1,19387292.317336,32,180,0,1,22752099.666104,54,176,0,1,18398745.374807,53,124,0,1,21197779.621955,60,152,0,12,25533793.285343,6,156,0,1,21702281.828226,64,152,0,12,26558208.387551,85,160,0,12,22651503.739567,44,164,0,1,19574798.059689,45,160,0,1,18668890.672129,36,152,0,1,21741998.979970,83,176,0,12,22076340.043261,62,80,0,12,26361190.124404,29,192,0,1,20743799.756214,37,88,0,1,21806533.363102,55,168,0,1,20798512.218391,31,160,0,1,21562424.597671,46,132,0,1,22383579.570011,
22,1554989147,0.397000,12,188,0,1,19855663.542911,14,176,0,1,22211803.441816,2,176,0,1,21264650.330364,93,144,0,1,38434681.493292,25,188,0,1,19387274.134209,32,180,0,1,22752194.891943,54,176,0,1,18398742.687474,53,124,0,1,21197923.149996,60,152,0,12,25533895.997324,6,156,0,1,21702339.989802,64,152,0,12,26558289.705566,85,160,0,12,22651555.182809,44,164,0,1,19574907.141000,45,160,0,1,18668820.784007,36,152,0,1,21742073.562201,83,176,0,12,22076257.311779,62,80,0,12,26361185.255793,29,196,0,1,20743688.755379,37,88,0,1,21806478.237865,55,168,0,1,20798354.991929,31,160,0,1,21562328.150318,46,132,0,1,22383420.406575,
22,1554989147,0.597000,12,188,0,1,19855740.812475,14,176,0,1,22211854.187049,2,176,0,1,21264627.854484,93,144,0,1,38434678.631456,25,188,0,1,19387256.038333,32,180,0,1,22752290.047980,54,176,0,1,18398739.912889,53,124,0,1,21198062.926240,60,152,0,12,25533998.412652,6,156,0,1,21702398.221179,64,152,0,12,26558371.110832,85,160,0,12,22651606.695852,44,164,0,1,19575016.327012,45,160,0,1,18668750.878434,36,152,0,1,21742148.126981,83,176,0,12,22076174.632647,62,80,0,12,26361179.043516,29,196,0,1,20743578.016297,37,88,0,1,21806423.234778,55,168,0,1,20798197.852718,31,160,0,1,21562231.702964,46,132,0,1,22383261.347840,
22,1554989147,0.797000,12,188,0,1,19855818.134390,14,176,0,1,22211904.932283,2,176,0,1,21264605.361153,93,144,0,1,38434675.839421,25,188,0,1,19387237.802856,32,180,0,1,22752385.099316,54,176,0,1,18398737.103404,53,120,0,1,21198200.905112,60,152,0,12,25534100.845430,6,156,0,1,21702456.470005,64,152,0,12,26558452.690600,85,160,0,12,22651657.964592,44,164,0,1,19575125.355973,45,160,0,1,18668680.955412,36,152,0,1,21742222.656861,83,176,0,12,22076091.970966,62,84,0,12,26361172.656736,29,196,0,1,20743467.189965,37,84,0,1,21806370.186116,55,168,0,1,20798040.765858,31,160,0,1,21562135.063658,46,132,0,1,22383102.289105,
22,1554989147,0.997000,12,188,0,1,19855895.456305,14,176,0,1,22211955.729866,2,176,0,1,21264582.763121,93,144,0,1,38434673.029936,25,188,0,1,19387219.741881,32,180,0,1,22752480.325154,54,176,0,1,18398734.293919,53,120,0,1,21198341.885421,60,152,0,12,25534203.243308,6,156,0,1,21702514.823534,64,152,0,12,26558534.218017,85,160,0,12,22651709.338033,44,164,0,1,19575234.454734,45,160,0,1,18668611.171991,36,152,0,1,21742297.273992,83,176,0,12,22076009.239483,62,84,0,12,26361166.810913,29,196,0,1,20743356.398532,37,88,0,1,21806316.666299,55,168,0,1,20797883.434695,31,160,0,1,21562038.668655,46,132,0,1,22382943.282721,
22,1554989148,0.197000,12,188,0,1,19855972.795670,14,176,0,1,22212006.457649,2,176,0,1,21264560.095288,93,144,0,1,38434670.168100,25,188,0,1,19387201.663455,32,184,0,1,22752575.585893,54,176,0,1,18398731.432083,53,120,0,1,21198484.418799,60,152,0,12,25534305.710987,6,156,0,1,21702573.211962,64,152,0,12,26558615.570932,85,160,0,12,22651760.589322,44,164,0,1,19575343.675647,45,160,0,1,18668541.266419,36,152,0,1,21742371.943474,83,176,0,12,22075926.490551,62,84,0,12,26361160.895289,29,196,0,1,20743245.415147,37,88,0,1,21806262.989429,55,168,0,1,20797726.138433,31,160,0,1,21561942.168951,46,132,0,1,22382784.154186,
22,1554989148,0.397000,12,188,0,1,19856050.135035,14,176,0,1,22212057.202883,2,176,0,1,21264537.549607,93,144,0,1,38434667.358615,25,188,0,1,19387183.619930,32,184,0,1,22752670.794281,54,176,0,1,18398728.622598,53,120,0,1,21198624.369546,60,152,0,12,25534408.265916,6,156,0,1,21702631.268837,64,152,0,12,26558696.958748,85,160,0,12,22651811.962763,44,164,0,1,19575452.774408,45,160,0,1,18668471.500448,36,152,0,1,21742446.595505,83,176,0,12,22075843.689268,62,84,0,12,26361155.171618,29,192,0,1,20743134.676066,37,88,0,1,21806208.893754,55,168,0,1,20797568.877070,31,160,0,1,21561845.669247,46,132,0,1,22382625.235053,
22,1554989148,0.597000,12,188,0,1,19856127.387149,14,176,0,1,22212108.017917,2,176,0,1,21264515.108627,93,144,0,1,38434664.461879,25,188,0,1,19387165.541504,32,184,0,1,22752765.985219,54,176,0,1,18398725.760762,53,120,0,1,21198768.962050,60,152,0,12,25534510.855746,6,156,0,1,21702689.482763,64,152,0,12,26558778.329113,85,160,0,12,22651863.423455,44,164,0,1,19575561.855719,45,160,0,1,18668401.594876,36,152,0,1,21742521.282437,83,176,0,12,22075760.905435,62,84,0,12,26361149.116393,29,196,0,1,20743023.884633,37,92,0,1,21806155.530988,55,168,0,1,20797411.511007,31,160,0,1,21561749.239344,46,132,0,1,22382466.123967,
22,1554989148,0.797000,12,188,0,1,19856204.586912,14,176,0,1,22212158.815500,2,176,0,1,21264492.562946,93,144,0,1,38434661.582593,25,188,0,1,19387147.358377,32,184,0,1,22752861.158706,54,176,0,1,18398723.055979,53,120,0,1,21198910.343714,60,152,0,12,25534613.183823,6,160,0,1,21702747.661789,64,152,0,12,26558859.786729,85,160,0,12,22651914.919048,44,164,0,1,19575670.989381,45,160,0,1,18668331.794005,36,152,0,1,21742595.934469,83,176,0,12,22075678.365905,62,84,0,12,26361143.096067,29,196,0,1,20742912.988499,37,92,0,1,21806101.819218,55,168,0,1,20797254.354346,31,160,0,1,21561652.826891,46,132,0,1,22382307.012882,
22,1554989148,0.997000,12,188,0,1,19856281.908827,14,176,0,1,22212209.700335,2,176,0,1,21264470.017264,93,144,0,1,38434658.720757,25,188,0,1,19387129.349753,32,184,0,1,22752956.419445,54,176,0,1,18398720.211593,53,120,0,1,21199051.428724,60,152,0,12,25534715.686402,6,160,0,1,21702805.875715,64,152,0,12,26558941.191995,85,160,0,12,22651966.309939,44,164,0,1,19575780.210294,45,160,0,1,18668261.853532,36,152,0,1,21742670.516699,83,176,0,12,22075595.547171,62,88,0,12,26361136.848889,29,196,0,1,20742802.179617,37,92,0,1,21806047.898045,55,168,0,1,20797097.180235,31,160,0,1,21561556.327187,46,132,0,1,22382147.971598,
22,1554989149,0.197000,12,188,0,1,19856359.300543,14,176,0,1,22212260.480469,2,176,0,1,21264447.436683,93,144,0,1,38434655.893822,25,188,0,1,19387111.376028,32,184,0,1,22753051.645283,54,176,0,1,18398717.471909,53,120,0,1,21199193.089592,60,152,0,12,25534818.206431,6,164,0,1,21702864.124542,64,152,0,12,26559022.562360,85,160,0,12,22652017.770631,44,164,0,1,19575889.378856,45,160,0,1,18668192.070112,36,152,0,1,21742745.098930,83,176,0,12,22075512.850589,62,88,0,12,26361130.566811,29,196,0,1,20742691.283483,37,92,0,1,21805995.337989,55,168,0,1,20796939.883972,31,160,0,1,21561459.827483,46,132,0,1,22381989.035014,
22,1554989149,0.397000,12,188,0,1,19856436.605007,14,176,0,1,22212311.225702,2,176,0,1,21264424.856101,93,144,0,1,38434653.066887,25,188,0,1,19387093.349953,32,184,0,1,22753146.801320,54,176,0,1,18398714.575173,53,120,0,1,21199333.581295,60,152,0,12,25534920.586859,6,160,0,1,21702922.321018,64,152,0,12,26559103.758224,85,160,0,12,22652069.004470,44,164,0,1,19575998.529968,45,160,0,1,18668122.339041,36,152,0,1,21742819.611360,83,176,0,12,22075430.119107,62,92,0,12,26361125.000192,29,196,0,1,20742580.561851,37,92,0,1,21805940.422154,55,168,0,1,20796782.779662,31,160,0,1,21561363.380129,46,132,0,1,22381829.889029,
22,1554989149,0.597000,12,188,0,1,19856514.049074,14,176,0,1,22212362.005836,2,176,0,1,21264402.397671,93,144,0,1,38434650.257402,25,188,0,1,19387075.306428,32,184,0,1,22753242.079509,54,176,0,1,18398711.818038,53,120,0,1,21199472.729331,60,152,0,12,25535023.037087,6,160,0,1,21702980.500044,64,152,0,12,26559185.111139,85,160,0,12,22652120.447712,44,164,0,1,19576107.646179,45,160,0,1,18668052.555621,36,152,0,1,21742894.368093,83,176,0,12,22075347.300374,62,92,0,12,26361118.700663,29,196,0,1,20742469.752969,37,92,0,1,21805887.722496,55,168,0,1,20796625.448498,31,160,0,1,21561266.915326,46,132,0,1,22381670.847744,
22,1554989149,0.797000,12,188,0,1,19856591.475690,14,176,0,1,22212412.855770,2,176,0,1,21264379.869440,93,144,0,1,38434647.343215,25,188,0,1,19387057.228003,32,180,0,1,22753337.375148,54,176,0,1,18398709.095804,53,120,0,1,21199616.170121,60,152,0,12,25535125.574567,6,160,0,1,21703038.661620,64,152,0,12,26559266.586205,85,160,0,12,22652171.821153,44,160,0,1,19576216.832192,45,160,0,1,18667982.807100,36,152,0,1,21742968.810721,83,176,0,12,22075264.533991,62,92,0,12,26361112.488385,29,196,0,1,20742358.856835,37,96,0,1,21805834.097977,55,168,0,1,20796468.152236,31,160,0,1,21561170.433072,46,132,0,1,22381511.771559,
22,1554989149,0.997000,12,188,0,1,19856668.815055,14,176,0,1,22212463.688255,2,176,0,1,21264357.253957,93,144,0,1,38434644.481380,25,188,0,1,19387039.271729,32,184,0,1,22753432.531186,54,176,0,1,18398706.408471,53,120,0,1,21199757.028279,60,152,0,12,25535228.269098,6,160,0,1,21703097.067499,64,152,0,12,26559347.764618,85,160,0,12,22652223.177144,44,160,0,1,19576326.070555,45,160,0,1,18667912.971329,36,152,0,1,21743043.462753,83,176,0,12,22075181.662907,62,92,0,12,26361108.492286,29,196,0,1,20742248.030502,37,96,0,1,21805781.206367,55,168,0,1,20796311.065376,31,160,0,1,21561073.968268,46,132,0,1,22381352.712825,
22,1554989150,0.197000,12,188,0,1,19856746.119519,14,176,0,1,22212514.520739,2,176,0,1,21264334.655925,93,144,0,1,38434641.654444,25,188,0,1,19387021.193303,32,184,0,1,22753527.687223,54,176,0,1,18398703.581536,53,120,0,1,21199900.730822,60,152,0,12,25535330.719326,6,160,0,1,21703155.351226,64,152,0,12,26559429.134984,85,160,0,12,22652274.602936,44,160,0,1,19576435.239117,45,160,0,1,18667843.118107,36,152,0,1,21743118.079884,83,176,0,12,22075098.879074,62,92,0,12,26361103.466623,29,196,0,1,20742137.134369,37,96,0,1,21805727.791251,55,168,0,1,20796153.751663,31,160,0,1,21560977.625616,46,132,0,1,22381193.584289,
22,1554989150,0.397000,12,188,0,1,19856823.563586,14,176,0,1,22212565.475375,2,176,0,1,21264312.092794,93,144,0,1,38434638.722808,25,188,0,1,19387003.062527,32,184,0,1,22753622.860710,54,176,0,1,18398700.841851,53,120,0,1,21200042.897746,60,148,0,12,25535433.082304,6,160,0,1,21703213.565152,64,152,0,12,26559510.540249,85,160,0,12,22652326.046178,44,160,0,1,19576544.425129,45,160,0,1,18667773.195085,36,152,0,1,21743192.819167,83,176,0,12,22075016.182492,62,96,0,12,26361098.737614,29,196,0,1,20742026.308036,37,100,0,1,21805674.393584,55,168,0,1,20795996.542651,31,160,0,1,21560881.091011,46,132,0,1,22381034.438303,
22,1554989150,0.597000,12,188,0,1,19856900.780799,14,176,0,1,22212616.203158,2,176,0,1,21264289.564563,93,144,0,1,38434635.826072,25,188,0,1,19386985.088803,32,184,0,1,22753718.051648,54,176,0,1,18398697.945115,53,120,0,1,21200187.036544,60,148,0,12,25535535.637233,6,160,0,1,21703271.848880,64,152,0,12,26559591.997866,85,160,0,12,22652377.437069,44,160,0,1,19576653.680943,45,160,0,1,18667703.359314,36,152,0,1,21743267.488648,83,176,0,12,22074933.555711,62,96,0,12,26361094.130756,29,196,0,1,20741915.464253,37,100,0,1,21805621.187871,55,168,0,1,20795839.333639,31,160,0,1,21560784.643658,46,132,0,1,22380875.327218,
22,1554989150,0.797000,12,188,0,1,19856978.085264,14,176,0,1,22212667.053092,2,176,0,1,21264267.141033,93,144,0,1,38434632.876985,25,188,0,1,19386966.992927,32,184,0,1,22753813.294937,54,176,0,1,18398695.205431,53,120,0,1,21200328.767213,60,148,0,12,25535638.209613,6,160,0,1,21703330.115157,64,152,0,12,26559673.333331,85,160,0,12,22652428.723259,44,160,0,1,19576762.901855,45,160,0,1,18667633.506092,36,152,0,1,21743342.193030,83,176,0,12,22074850.981281,62,96,0,12,26361089.314496,29,196,0,1,20741804.550669,37,100,0,1,21805568.209009,55,168,0,1,20795682.159528,31,160,0,1,21560688.074153,46,132,0,1,22380716.285933,
22,1554989150,0.997000,12,188,0,1,19857055.319928,14,176,0,1,22212717.780875,2,176,0,1,21264244.665152,93,144,0,1,38434629.980249,25,188,0,1,19386949.106454,32,180,0,1,22753908.538225,54,176,0,1,18398692.430847,53,120,0,1,21200471.963699,60,148,0,12,25535740.677292,6,160,0,1,21703388.398884,64,152,0,12,26559754.703696,85,160,0,12,22652480.061799,44,160,0,1,19576872.262370,45,160,0,1,18667563.635420,36,152,0,1,21743416.932313,83,176,0,12,22074768.371950,62,100,0,12,26361085.004293,29,196,0,1,20741693.706886,37,104,0,1,21805515.422101,55,168,0,1,20795524.933066,31,160,0,1,21560591.696600,46,132,0,1,22380557.174848,
22,1554989151,0.197000,12,188,0,1,19857132.589492,14,176,0,1,22212768.578459,2,176,0,1,21264222.136921,93,140,0,1,38434627.100963,25,188,0,1,19386931.097829,32,180,0,1,22754003.781513,54,176,0,1,18398689.586461,53,120,0,1,21200611.111736,60,148,0,12,25535843.319472,6,160,0,1,21703446.630260,64,152,0,12,26559836.126412,85,160,0,12,22652531.487591,44,160,0,1,19576981.343681,45,160,0,1,18667493.886900,36,152,0,1,21743491.584345,83,176,0,12,22074685.640468,62,100,0,12,26361080.188032,29,196,0,1,20741582.880553,37,104,0,1,21805462.006984,55,168,0,1,20795367.846206,31,160,0,1,21560495.214347,46,132,0,1,22380397.993962,
22,1554989151,0.397000,12,188,0,1,19857209.911406,14,176,0,1,22212819.463294,2,176,0,1,21264199.538889,93,140,0,1,38434624.204227,25,188,0,1,19386913.228806,32,180,0,1,22754099.094603,54,176,0,1,18398686.829327,53,120,0,1,21200754.796829,60,148,0,12,25535945.856952,6,160,0,1,21703504.896537,64,152,0,12,26559917.618929,85,160,0,12,22652582.843582,44,160,0,1,19577090.547144,45,160,0,1,18667424.033678,36,152,0,1,21743566.166575,83,176,0,12,22074602.978786,62,100,0,12,26361075.005318,29,196,0,1,20741472.089120,37,104,0,1,21805409.063024,55,168,0,1,20795210.672095,31,160,0,1,21560398.854244,46,132,0,1,22380239.022478,
22,1554989151,0.597000,12,188,0,1,19857287.146070,14,176,0,1,22212870.278328,2,176,0,1,21264176.958308,93,140,0,1,38434621.342391,25,188,0,1,19386895.237631,32,180,0,1,22754194.337891,54,176,0,1,18398684.124543,53,120,0,1,21200894.416021,60,148,0,12,25536048.342081,6,160,0,1,21703563.215165,64,152,0,12,26559999.041645,85,160,0,12,22652634.478776,44,160,0,1,19577199.750606,45,160,0,1,18667354.337509,36,152,0,1,21743640.766256,83,176,0,12,22074520.439256,62,100,0,12,26361070.921967,29,196,0,1,20741361.280238,37,104,3,1,21805355.455955,55,168,0,1,20795053.515434,31,160,0,1,21560302.371990,46,132,0,1,22380079.963743,
22,1554989151,0.797000,12,188,0,1,19857364.450535,14,176,0,1,22212921.180613,2,176,0,1,21264154.412626,93,140,0,1,38434618.463105,25,188,0,1,19386877.386059,32,184,0,1,22754289.703331,54,176,0,1,18398681.384859,53,120,0,1,21201037.629958,60,148,0,12,25536150.914461,6,160,0,1,21703621.516343,64,152,0,12,26560080.673763,85,160,0,12,22652685.852217,44,164,0,1,19577309.023870,45,160,0,1,18667284.554088,36,152,0,1,21743715.418287,83,176,0,12,22074437.795025,62,104,0,12,26361065.582200,29,196,0,1,20741250.558606,37,104,2,1,21805303.140202,55,168,0,1,20794896.323873,31,160,0,1,21560206.029338,46,132,0,1,22379920.974810,
22,1554989151,0.997000,12,188,0,1,19857441.737549,14,176,0,1,22212972.117799,2,176,0,1,21264131.901845,93,140,0,1,38434615.636170,25,188,0,1,19386859.394884,32,184,0,1,22754384.981520,54,176,0,1,18398678.627724,53,120,0,1,21201180.093535,60,148,0,12,25536253.451940,6,160,0,1,21703679.904771,64,152,0,12,26560162.131380,85,160,0,12,22652737.522312,44,164,0,1,19577418.209882,45,160,0,1,18667214.857918,36,152,0,1,21743790.122670,83,176,0,12,22074355.150794,62,104,0,12,26361060.748490,29,196,0,1,20741139.802074,37,104,2,1,21805250.108990,55,168,0,1,20794739.027610,31,160,0,1,21560109.669236,46,132,0,1,22379761.846274,
22,1554989152,0.197000,12,188,0,1,19857519.181615,14,176,0,1,22213022.915382,2,176,0,1,21264109.286363,93,140,0,1,38434612.739434,25,188,0,1,19386841.421160,32,180,0,1,22754480.137557,54,176,0,1,18398675.940391,53,120,0,1,21201322.626914,60,148,0,12,25536356.076671,6,160,0,1,21703738.205949,64,152,0,12,26560243.536645,85,160,0,12,22652788.825952,44,164,0,1,19577527.552947,45,160,0,1,18667145.022147,36,152,0,1,21743864.774701,83,176,0,12,22074272.541463,62,104,0,12,26361055.914780,29,196,0,1,20741029.097893,37,108,2,1,21805197.618735,55,168,0,1,20794581.870949,31,160,0,1,21560013.256783,46,132,0,1,22379602.804990,
22,1554989152,0.397000,12,188,0,1,19857596.451180,14,176,0,1,22213073.765317,2,176,0,1,21264086.810483,93,140,0,1,38434610.034650,25,188,0,1,19386823.464886,32,180,0,1,22754575.363396,54,176,0,1,18398673.235607,53,120,0,1,21201465.509297,60,148,0,12,25536458.614150,6,160,0,1,21703796.489676,64,152,0,12,26560325.081513,85,160,0,12,22652840.269194,44,160,0,1,19577636.738959,45,160,0,1,18667075.186375,36,152,0,1,21743939.496533,83,176,0,12,22074189.967033,62,104,0,12,26361051.081069,29,196,0,1,20740918.254110,37,108,2,1,21805144.500273,55,168,0,1,20794424.627037,31,160,0,1,21559916.861780,46,132,0,1,22379443.746255,
22,1554989152,0.597000,12,188,0,1,19857673.912696,14,176,0,1,22213124.754853,2,176,0,1,21264064.474204,93,140,0,1,38434607.103013,25,188,0,1,19386805.613313,32,180,0,1,22754670.641584,54,176,0,1,18398670.583174,53,120,0,1,21201605.686896,60,148,0,12,25536561.186530,6,160,0,1,21703854.808304,64,152,0,12,26560406.591480,85,160,0,12,22652891.764787,44,164,0,1,19577745.907521,45,160,0,1,18667005.385504,36,152,0,1,21744014.288167,83,176,0,12,22074107.218100,62,104,0,12,26361045.374848,29,196,0,1,20740807.480127,37,108,2,1,21805092.341572,55,168,0,1,20794267.418025,31,160,0,1,21559820.571479,46,132,0,1,22379284.792221,
22,1554989152,0.797000,12,188,0,1,19857751.234611,14,176,0,1,22213175.639688,2,176,0,1,21264041.945973,93,140,0,1,38434604.153926,25,188,0,1,19386787.622139,32,180,0,1,22754765.884873,54,176,0,1,18398667.948191,53,120,0,1,21201749.633742,60,148,0,12,25536663.514607,6,160,0,1,21703913.144381,64,152,0,12,26560488.083997,85,160,0,12,22652943.260379,44,160,0,1,19577855.145884,45,160,0,1,18666935.532283,36,152,0,1,21744088.975099,83,176,0,12,22074024.504068,62,104,0,12,26361039.703527,29,196,0,1,20740696.723595,37,112,2,1,21805039.083507,55,168,0,1,20794110.191564,31,160,0,1,21559724.159026,46,132,0,1,22379125.785837,
22,1554989152,0.997000,12,188,0,1,19857828.556526,14,176,0,1,22213226.559424,2,176,0,1,21264019.539893,93,140,0,1,38434601.274641,25,188,0,1,19386769.683315,32,180,0,1,22754861.093261,54,176,0,1,18398665.313208,53,120,0,1,21201891.451661,60,148,0,12,25536766.052086,6,160,0,1,21703971.567710,64,152,0,12,26560569.593964,85,160,0,12,22652994.773422,44,160,0,1,19577964.349347,45,160,0,1,18666865.801213,36,152,0,1,21744163.731831,83,176,0,12,22073941.824937,62,104,0,12,26361034.346310,29,196,0,1,20740585.984514,37,112,2,1,21804985.563689,55,168,0,1,20793953.000002,31,160,0,1,21559627.816373,46,132,0,1,22378966.674752,
22,1554989153,0.197000,12,188,0,1,19857905.826090,14,176,0,1,22213277.357007,2,176,0,1,21263997.046563,93,140,0,1,38434598.377904,25,188,0,1,19386751.604889,32,180,0,1,22754956.301649,54,176,0,1,18398662.643325,53,120,0,1,21202033.095079,60,148,0,12,25536868.519765,6,160,0,1,21704029.851438,64,152,0,12,26560650.999230,85,160,0,12,22653046.303915,44,160,0,1,19578073.552809,45,160,0,1,18666796.035242,36,152,0,1,21744238.366413,83,176,0,12,22073859.023653,62,104,0,12,26361029.966306,29,196,0,1,20740475.210531,37,112,2,1,21804932.916382,55,168,0,1,20793795.721190,31,160,0,1,21559531.438821,46,132,0,1,22378807.528766,
22,1554989153,0.397000,12,188,0,1,19857983.200355,14,176,0,1,22213328.206942,2,176,0,1,21263974.448531,93,140,0,1,38434595.620770,25,188,0,1,19386733.648615,32,180,0,1,22755051.475136,54,176,0,1,18398659.955991,53,120,0,1,21202173.586782,60,148,0,12,25536970.935093,6,160,0,1,21704088.257317,64,152,0,12,26560732.334695,85,160,0,12,22653097.729707,44,160,0,1,19578182.738822,45,160,0,1,18666726.339073,36,152,0,1,21744313.227847,83,176,0,12,22073776.274721,62,104,0,12,26361024.905743,29,196,0,1,20740364.453999,37,116,2,1,21804877.128036,55,168,0,1,20793638.581979,31,160,0,1,21559435.131069,46,132,0,1,22378648.382781,
22,1554989153,0.597000,12,188,0,1,19858060.539720,14,176,0,1,22213379.109227,2,176,0,1,21263952.059901,93,140,0,1,38434592.828735,25,188,0,1,19386715.657441,32,180,0,1,22755146.666074,54,176,0,1,18398657.373359,53,124,0,1,21202318.371238,60,148,0,12,25537073.472572,6,160,0,1,21704146.575944,64,152,0,12,26560813.722510,85,160,0,12,22653149.242749,44,160,0,1,19578291.924834,45,160,0,1,18666656.590552,36,152,0,1,21744387.879878,83,176,0,12,22073693.735191,62,104,0,12,26361019.216972,29,196,0,1,20740253.645117,37,116,2,1,21804822.526305,55,168,0,1,20793481.425318,31,160,0,1,21559338.875668,46,132,0,1,22378489.358946,
22,1554989153,0.797000,12,188,0,1,19858137.896536,14,176,0,1,22213430.098763,2,176,0,1,21263929.514220,93,140,0,1,38434590.019250,25,188,0,1,19386697.613916,32,180,0,1,22755241.909363,54,176,0,1,18398654.720926,53,124,0,1,21202464.394661,60,148,0,12,25537176.010051,6,160,0,1,21704204.946923,64,152,0,12,26560895.197577,85,160,0,12,22653200.581290,44,160,0,1,19578401.232998,45,160,0,1,18666586.911833,36,152,0,1,21744462.688962,83,176,0,12,22073611.143310,62,104,0,12,26361014.487963,29,196,0,1,20740142.853684,37,116,2,1,21804769.983699,55,168,0,1,20793324.233757,31,160,0,1,21559242.445765,46,132,0,1,22378330.195510,
22,1554989153,0.997000,12,188,0,1,19858215.288251,14,176,0,1,22213480.966148,2,176,0,1,21263907.038340,93,140,0,1,38434587.105064,25,188,0,1,19386679.779793,32,180,0,1,22755337.117750,54,176,0,1,18398652.120844,53,124,0,1,21202607.730749,60,148,0,12,25537278.338128,6,160,0,1,21704263.178299,64,152,0,12,26560976.550492,85,160,0,12,22653252.041982,44,160,0,1,19578510.506262,45,160,0,1,18666517.198213,36,152,0,1,21744537.393344,83,176,0,12,22073528.307127,62,104,0,12,26361009.026044,29,196,0,1,20740032.132053,37,116,2,1,21804715.661172,55,168,0,1,20793167.146897,31,160,0,1,21559146.103113,46,132,0,1,22378171.171676,
22,1554989154,0.197000,12,188,0,1,19858292.662517,14,176,0,1,22213531.798632,2,176,0,1,21263884.545009,93,140,0,1,38434584.208328,25,188,0,1,19386661.875870,32,180,0,1,22755432.343589,54,176,0,1,18398649.503311,53,124,0,1,21202749.478868,60,148,0,12,25537380.927958,6,160,0,1,21704321.549277,64,152,0,12,26561057.990658,85,160,0,12,22653303.537575,44,160,0,1,19578619.674824,45,160,0,1,18666447.484593,36,152,0,1,21744612.097726,83,176,0,12,22073445.540744,62,104,0,12,26361003.354724,29,196,0,1,20739921.358071,37,116,2,1,21804662.106453,55,168,0,1,20793009.937885,31,160,0,1,21559049.760461,46,132,0,1,22378012.008240,
22,1554989154,0.397000,12,188,0,1,19858370.228735,14,176,0,1,22213582.788168,2,176,0,1,21263862.086579,93,140,0,1,38434581.346492,25,188,0,1,19386644.024297,32,180,0,1,22755527.604327,54,176,0,1,18398646.903228,53,124,0,1,21202892.361251,60,148,0,12,25537483.378187,6,160,0,1,21704379.850455,64,152,0,12,26561139.500625,85,160,0,12,22653355.225120,44,164,0,1,19578728.930637,45,160,0,1,18666377.736073,36,152,0,1,21744687.028961,83,176,0,12,22073362.948863,62,104,0,12,26360997.700853,29,196,0,1,20739810.601539,37,116,2,1,21804606.893964,55,168,0,1,20792852.711423,31,160,0,1,21558953.522510,46,132,0,1,22377852.984406,
22,1554989154,0.597000,12,188,0,1,19858447.655351,14,176,0,1,22213633.725354,2,176,0,1,21263839.680499,93,140,0,1,38434578.449756,25,188,0,1,19386626.120374,32,180,0,1,22755622.812715,54,172,0,1,18398644.268246,53,124,0,1,21203033.708014,60,148,0,12,25537585.985467,6,160,0,1,21704438.151632,64,152,0,12,26561220.975692,85,160,0,12,22653406.703262,44,164,0,1,19578838.203901,45,160,0,1,18666308.057353,36,152,0,1,21744761.785694,83,176,0,12,22073280.322082,62,104,0,12,26360992.204035,29,196,0,1,20739699.775206,37,116,2,1,21804553.461398,55,168,0,1,20792695.572212,31,160,0,1,21558857.267109,46,128,0,1,22377694.012922,
22,1554989154,0.797000,12,188,0,1,19858525.047066,14,176,0,1,22213684.662540,2,176,0,1,21263817.239519,93,140,0,1,38434575.570470,25,188,0,1,19386608.181550,32,180,0,1,22755717.986203,54,172,0,1,18398641.807765,53,124,0,1,21203174.653423,60,148,0,12,25537688.592747,6,160,0,1,21704496.487710,64,152,0,12,26561302.538009,85,156,0,12,22653458.251205,44,164,0,1,19578947.424813,45,160,0,1,18666238.326283,36,152,0,1,21744836.542427,83,176,0,12,22073197.625501,62,104,0,12,26360987.422675,29,196,0,1,20739589.018674,37,116,2,1,21804495.596476,55,168,0,1,20792538.450452,31,160,0,1,21558760.959357,46,128,0,1,22377535.023988,
22,1554989154,0.997000,12,188,0,1,19858602.526033,14,176,0,1,22213735.477574,2,176,0,1,21263794.850890,93,140,0,1,38434572.691184,25,188,0,1,19386590.329977,32,180,0,1,22755813.403993,54,176,0,1,18398639.225133,53,124,0,1,21203315.912936,60,148,0,12,25537791.008075,6,160,0,1,21704554.753987,64,152,0,12,26561383.908375,85,156,0,12,22653509.694447,44,164,0,1,19579056.663176,45,160,0,1,18666168.647564,36,152,0,1,21744911.438761,83,176,0,12,22073115.260473,62,108,0,12,26360981.262748,29,196,0,1,20739478.227241,37,116,2,1,21804440.366537,55,168,0,1,20792381.311241,31,160,0,1,21558664.721406,46,128,0,1,22377376.017604,
22,1554989155,0.197000,12,188,0,1,19858679.865398,14,176,0,1,22213786.275158,2,176,0,1,21263772.479711,93,140,0,1,38434569.811898,25,188,0,1,19386572.460954,32,180,0,1,22755908.682182,54,176,0,1,18398636.625050,53,124,0,1,21203456.387188,60,148,0,12,25537893.737507,6,160,0,1,21704613.107515,64,152,0,12,26561465.365991,85,156,0,12,22653561.242390,44,164,0,1,19579165.953890,45,160,0,1,18666098.881593,36,152,0,1,21744986.335096,83,176,0,12,22073032.720943,62,108,0,12,26360976.027683,29,196,0,1,20739367.418359,37,112,2,1,21804384.089584,55,168,0,1,20792224.067329,31,160,0,1,21558568.378754,46,128,0,1,22377216.836718,
22,1554989155,0.397000,12,188,0,1,19858757.222213,14,176,0,1,22213837.229793,2,176,0,1,21263750.073631,93,140,0,1,38434566.897712,25,188,0,1,19386554.644282,32,180,0,1,22756003.995272,54,172,0,1,18398634.077318,53,124,0,1,21203597.175545,60,148,0,12,25537996.327337,6,156,0,1,21704671.426143,64,152,0,12,26561547.015560,85,156,0,12,22653612.807784,44,164,0,1,19579275.227154,45,160,0,1,18666029.098173,36,152,0,1,21745061.144179,83,176,0,12,22072950.129062,62,108,0,12,26360970.600665,29,196,0,1,20739256.679277,37,112,2,1,21804326.207212,55,168,0,1,20792066.910668,31,160,0,1,21558472.053552,46,128,0,1,22377057.777983,
22,1554989155,0.597000,12,188,0,1,19858834.561578,14,176,0,1,22213888.149529,2,176,0,1,21263727.702452,93,140,0,1,38434564.070776,25,188,0,1,19386536.879960,32,180,0,1,22756099.360712,54,172,0,1,18398631.686639,53,124,0,1,21203740.703586,60,148,0,12,25538098.742665,6,156,0,1,21704729.866922,64,152,0,12,26561628.438276,85,156,0,12,22653664.355727,44,164,0,1,19579384.587668,45,160,0,1,18665959.314752,36,152,0,1,21745135.918362,83,176,0,12,22072867.554632,62,108,0,12,26360965.644803,29,196,0,1,20739145.922745,37,112,2,1,21804271.081974,55,168,0,1,20791909.788907,31,160,0,1,21558375.710900,46,128,0,1,22376898.789050,
22,1554989155,0.797000,12,188,0,1,19858911.883493,14,176,0,1,22213939.243766,2,176,0,1,21263705.331273,93,140,0,1,38434561.174040,25,188,0,1,19386518.958586,32,180,0,1,22756194.656351,54,172,0,1,18398629.069106,53,124,0,1,21203882.783259,60,148,0,12,25538201.297595,6,156,0,1,21704788.150650,64,152,0,12,26561709.808641,85,156,0,12,22653715.641917,44,164,0,1,19579493.878382,45,160,0,1,18665889.548781,36,152,0,1,21745210.849597,83,176,0,12,22072784.980202,62,108,0,12,26360961.072846,29,196,0,1,20739035.131312,37,112,2,1,21804215.974187,55,168,0,1,20791752.510095,31,160,0,1,21558279.368248,46,128,0,1,22376739.677964,
22,1554989155,0.997000,12,188,0,1,19858989.257759,14,176,0,1,22213990.146051,2,176,0,1,21263682.890293,93,140,0,1,38434558.382005,25,188,0,1,19386501.124464,32,180,0,1,22756289.986890,54,172,0,1,18398626.573725,53,124,0,1,21204026.695205,60,148,0,12,25538303.625672,6,156,0,1,21704846.451827,64,152,0,12,26561791.248807,85,156,0,12,22653767.102609,44,164,0,1,19579603.256347,45,160,0,1,18665819.870062,36,152,0,1,21745285.693581,83,176,0,12,22072702.423222,62,108,0,12,26360956.623041,29,196,0,1,20738924.392231,37,112,2,1,21804163.431581,55,168,0,1,20791595.440685,31,160,0,1,21558182.990695,46,128,0,1,22376580.601779,
22,1554989156,0.197000,12,188,0,1,19859066.597124,14,176,0,1,22214041.083237,2,176,0,1,21263660.536564,93,140,0,1,38434555.502719,25,188,0,1,19386483.203090,32,180,0,1,22756385.247629,54,172,0,1,18398624.025993,53,124,0,1,21204169.071531,60,148,0,12,25538406.337653,6,156,0,1,21704904.857706,64,152,0,12,26561872.828575,85,156,0,12,22653818.598201,44,164,0,1,19579712.547060,45,160,0,1,18665750.051741,36,152,0,1,21745360.520115,83,176,0,12,22072619.883692,62,108,0,12,26360950.236261,29,196,0,1,20738813.618248,37,112,2,1,21804109.248655,55,168,0,1,20791438.161873,31,160,0,1,21558086.700394,46,128,0,1,22376421.420893,
22,1554989156,0.397000,12,188,0,1,19859144.023740,14,176,0,1,22214092.055323,2,176,0,1,21263638.060683,93,140,0,1,38434552.605983,25,188,0,1,19386465.351517,32,180,0,1,22756480.647969,54,172,0,1,18398621.478261,53,124,0,1,21204308.027615,60,148,0,12,25538508.718081,6,156,0,1,21704963.228684,64,152,0,12,26561954.425794,85,156,0,12,22653869.971642,44,164,0,1,19579821.925025,45,160,0,1,18665680.320671,36,152,0,1,21745435.416449,83,176,0,12,22072537.256911,62,108,0,12,26360944.826693,29,196,0,1,20738702.757015,37,112,2,1,21804053.512659,55,168,0,1,20791280.987761,31,160,0,1,21557990.427542,46,128,0,1,22376262.187656,
22,1554989156,0.597000,12,188,0,1,19859221.467806,14,176,0,1,22214142.992509,2,176,0,1,21263615.689504,93,140,0,1,38434549.726697,25,188,0,1,19386447.587196,32,180,0,1,22756575.821457,54,172,0,1,18398618.982880,53,124,0,1,21204450.508643,60,148,0,12,25538611.464963,6,156,0,1,21705021.599663,64,152,0,12,26562035.813609,85,156,0,12,22653921.589387,44,164,0,1,19579931.337890,45,160,0,1,18665610.641951,36,152,0,1,21745510.208082,83,176,0,12,22072454.612679,62,108,0,12,26360938.823819,29,196,0,1,20738591.983033,37,112,2,1,21803995.159131,55,168,0,1,20791123.848551,31,160,0,1,21557894.172141,46,128,0,1,22376103.128921,
22,1554989156,0.797000,12,188,0,1,19859298.929323,14,176,0,1,22214193.929694,2,176,0,1,21263593.231074,93,140,0,1,38434546.829961,25,188,0,1,19386429.735623,32,180,0,1,22756671.239247,54,172,0,1,18398616.452598,53,124,0,1,21204591.471502,60,148,0,12,25538713.862840,6,156,0,1,21705079.988091,64,152,0,12,26562117.393377,85,156,0,12,22653973.294382,44,164,0,1,19580040.558803,45,160,0,1,18665540.963232,36,152,0,1,21745585.017166,83,176,0,12,22072371.898647,62,108,0,12,26360932.576641,29,196,0,1,20738481.278852,37,112,2,1,21803941.255409,55,168,0,1,20790966.796591,31,160,0,1,21557797.742238,46,128,0,1,22375943.860784,
22,1554989156,0.997000,12,188,0,1,19859376.425740,14,176,0,1,22214244.936681,2,176,0,1,21263570.842445,93,140,0,1,38434543.968126,25,188,0,1,19386411.901501,32,180,0,1,22756766.552337,54,172,0,1,18398613.992118,53,124,0,1,21204734.894841,60,148,0,12,25538816.382870,6,156,0,1,21705138.289269,64,152,0,12,26562198.763742,85,156,0,12,22654024.720173,44,164,0,1,19580150.006569,45,160,0,1,18665471.319413,36,152,0,1,21745659.930951,83,176,0,12,22072289.394018,62,108,0,12,26360925.858307,29,196,0,1,20738370.679372,37,108,2,1,21803885.484513,55,168,0,1,20790809.657380,31,160,0,1,21557701.451937,46,128,0,1,22375784.819500,
22,1554989157,0.197000,12,188,0,1,19859453.800005,14,176,0,1,22214295.821516,2,176,0,1,21263548.331664,93,144,0,1,38434541.210991,25,188,0,1,19386394.137179,32,180,0,1,22756861.900326,54,172,0,1,18398611.479286,53,124,0,1,21204876.224155,60,148,0,12,25538918.867998,6,156,0,1,21705196.607896,64,152,0,12,26562280.169008,85,156,0,12,22654076.303017,44,164,0,1,19580259.297283,45,160,0,1,18665401.710494,36,152,0,1,21745734.809835,83,176,0,12,22072206.767237,62,104,1,12,26360919.331925,29,196,0,1,20738259.922840,37,108,2,1,21803831.249236,55,164,0,1,20790652.396018,31,160,0,1,21557605.091834,46,128,0,1,22375625.690964,
22,1554989157,0.397000,12,188,0,1,19859531.226621,14,176,0,1,22214346.793602,2,176,0,1,21263525.995385,93,144,0,1,38434538.296805,25,188,0,1,19386376.337957,32,180,0,1,22756957.178515,54,172,0,1,18398608.914104,53,124,0,1,21205020.537455,60,148,0,12,25539021.510179,6,156,0,1,21705254.891623,64,152,0,12,26562361.591724,85,156,0,12,22654127.746259,44,164,0,1,19580368.605447,45,160,0,1,18665331.927073,36,152,0,1,21745809.601468,83,176,0,12,22072124.140456,62,104,0,12,26360913.782756,29,196,0,1,20738149.305909,37,108,2,1,21803776.560254,55,164,0,1,20790495.152106,31,160,0,1,21557508.818983,46,128,0,1,22375466.614779,
22,1554989157,0.597000,12,188,0,1,19859608.705588,14,176,0,1,22214397.678436,2,176,0,1,21263503.589305,93,144,0,1,38434535.434969,25,188,0,1,19386358.503834,32,180,0,1,22757052.491605,54,172,0,1,18398606.348922,53,124,0,1,21205161.064059,60,148,0,12,25539124.152360,6,156,0,1,21705313.245152,64,152,0,12,26562443.084241,85,156,0,12,22654179.311652,44,164,0,1,19580477.861260,45,160,0,1,18665262.161103,36,152,0,1,21745884.393101,83,176,0,12,22072041.478774,62,104,0,12,26360908.251037,29,196,0,1,20738038.531927,37,108,2,1,21803719.881946,55,164,0,1,20790338.012895,31,160,0,1,21557412.546132,46,128,0,1,22375307.486244,
22,1554989157,0.797000,12,188,0,1,19859685.922802,14,176,0,1,22214448.650522,2,176,0,1,21263481.235577,93,144,0,1,38434532.660384,25,188,0,1,19386340.582461,32,180,0,1,22757147.717443,54,172,0,1,18398603.731390,53,124,0,1,21205305.255208,60,148,0,12,25539226.689839,6,156,0,1,21705371.563779,64,152,0,12,26562524.559308,85,156,0,12,22654230.859596,44,164,0,1,19580587.186874,45,160,0,1,18665192.325331,36,152,0,1,21745959.219635,83,176,0,12,22071958.782193,62,104,0,12,26360902.335413,29,196,0,1,20737927.757945,37,108,2,1,21803664.407704,55,164,0,1,20790180.646832,31,160,0,1,21557316.186029,46,128,0,1,22375148.340258,
22,1554989157,0.997000,12,188,0,1,19859763.297067,14,176,0,1,22214499.622608,2,176,0,1,21263458.777146,93,144,0,1,38434529.763648,25,188,0,1,19386322.661087,32,180,0,1,22757243.082883,54,172,0,1,18398601.183658,53,124,0,1,21205445.048902,60,148,0,12,25539329.227319,6,156,0,1,21705429.899857,64,152,0,12,26562606.069275,85,156,0,12,22654282.372638,44,164,0,1,19580696.529938,45,160,0,1,18665122.524461,36,152,0,1,21746034.046169,83,176,0,12,22071876.120511,62,104,0,12,26360895.809032,29,196,0,1,20737817.001413,37,108,2,1,21803608.322704,55,164,0,1,20790023.455270,31,160,0,1,21557219.791027,46,128,0,1,22374989.211722,
22,1554989158,0.197000,12,188,0,1,19859840.566631,14,176,0,1,22214550.542344,2,176,0,1,21263436.388517,93,144,0,1,38434526.866912,25,188,0,1,19386304.652462,32,180,0,1,22757338.343621,54,172,0,1,18398598.653376,53,124,0,1,21205587.058774,60,148,0,12,25539431.572846,6,156,0,1,21705488.096333,64,152,0,12,26562687.387289,85,156,0,12,22654333.938032,44,164,0,1,19580805.820652,45,160,0,1,18665052.810841,36,152,0,1,21746108.820352,83,176,0,12,22071793.371579,62,104,0,12,26360890.661218,29,196,0,1,20737706.209980,37,108,0,1,21803554.314281,55,164,0,1,20789866.263709,31,160,0,1,21557123.430924,46,132,0,1,22374830.013386,
22,1554989158,0.397000,12,188,0,1,19859917.923446,14,176,0,1,22214601.444629,2,176,0,1,21263414.034788,93,144,0,1,38434524.005076,25,188,0,1,19386286.748539,32,180,0,1,22757433.674161,54,172,0,1,18398596.157995,53,124,0,1,21205729.941157,60,148,0,12,25539533.988174,6,156,0,1,21705546.292810,64,152,0,12,26562768.757655,85,156,0,12,22654385.520875,44,164,0,1,19580915.059015,45,160,0,1,18664983.079771,36,152,0,1,21746183.699236,83,176,0,12,22071710.762248,62,104,0,12,26360884.431490,29,196,0,1,20737595.401098,37,108,0,1,21803497.618523,55,164,0,1,20789709.089598,31,160,0,1,21557027.070822,46,132,0,1,22374670.849950,
22,1554989158,0.597000,12,188,0,1,19859995.297712,14,176,0,1,22214652.434165,2,176,0,1,21263391.628708,93,144,0,1,38434521.143241,25,188,0,1,19386268.862066,32,180,0,1,22757528.934899,54,172,0,1,18398593.645164,53,124,0,1,21205870.834215,60,148,0,12,25539636.403502,6,156,0,1,21705604.663788,64,152,0,12,26562850.250171,85,156,0,12,22654436.876866,44,164,0,1,19581024.419530,45,160,0,1,18664913.348700,36,152,0,1,21746258.473419,83,176,0,12,22071627.960965,62,104,0,12,26360878.603117,29,196,0,1,20737484.574765,37,108,0,1,21803444.918866,55,164,0,1,20789551.915487,31,160,0,1,21556930.553668,46,132,0,1,22374511.651613,
22,1554989158,0.797000,12,188,0,1,19860072.602176,14,176,0,1,22214703.196849,2,176,0,1,21263369.397131,93,144,0,1,38434518.176704,25,188,0,1,19386250.835991,32,180,0,1,22757624.143287,54,172,0,1,18398591.219584,53,124,0,1,21206011.500420,60,144,0,12,25539739.098033,6,156,0,1,21705662.999866,64,152,0,12,26562931.829939,85,156,0,12,22654488.512060,44,164,0,1,19581133.710243,45,160,0,1,18664843.652531,36,152,0,1,21746333.195251,83,176,0,12,22071545.054980,62,104,0,12,26360873.490203,29,196,0,1,20737373.905484,37,108,0,1,21803392.236658,55,164,0,1,20789394.863527,31,160,0,1,21556834.211015,46,132,0,1,22374352.418377,
22,1554989158,0.997000,12,188,0,1,19860149.976442,14,176,0,1,22214754.238736,2,176,0,1,21263347.008502,93,144,0,1,38434515.297418,25,188,0,1,19386233.019318,32,180,0,1,22757719.438927,54,172,0,1,18398588.689302,53,124,0,1,21206154.662007,60,144,0,12,25539841.687863,6,156,0,1,21705721.335944,64,152,0,12,26563013.200305,85,156,0,12,22654540.164705,44,164,0,1,19581243.035857,45,160,0,1,18664773.904011,36,152,0,1,21746408.004335,83,176,0,12,22071462.515450,62,104,0,12,26360866.597367,29,196,0,1,20737263.148952,37,108,0,1,21803337.355723,55,164,0,1,20789237.706866,31,160,0,1,21556737.938164,46,132,0,1,22374193.237490,
22,1554989159,0.197000,12,188,0,1,19860227.437958,14,176,0,1,22214805.245722,2,176,0,1,21263324.794375,93,144,0,1,38434512.418132,25,188,0,1,19386215.167746,32,180,0,1,22757814.769466,54,172,0,1,18398586.089220,53,124,0,1,21206296.968532,60,144,0,12,25539944.190442,6,156,0,1,21705779.567320,64,152,0,12,26563094.762622,85,156,0,12,22654591.625397,44,164,0,1,19581352.396372,45,160,0,1,18664704.172940,36,152,0,1,21746482.848319,83,176,0,12,22071379.888669,62,104,0,12,26360860.228038,29,196,0,1,20737152.305169,37,108,0,1,21803282.579490,55,164,0,1,20789080.550205,31,160,0,1,21556641.612962,46,132,0,1,22374034.074054,
22,1554989159,0.397000,12,188,0,1,19860304.724973,14,176,0,1,22214856.200358,2,176,0,1,21263302.475546,93,144,0,1,38434509.573746,25,188,0,1,19386197.368524,32,180,0,1,22757910.169806,54,172,0,1,18398583.558938,53,124,0,1,21206438.960954,60,144,0,12,25540046.588320,6,156,0,1,21705837.885948,64,152,0,12,26563176.290040,85,156,0,12,22654643.190791,44,164,0,1,19581461.652185,45,160,0,1,18664634.511671,36,152,0,1,21746557.674852,83,176,0,12,22071297.314239,62,104,0,12,26360853.684206,29,196,0,1,20737041.548637,37,108,0,1,21803228.222062,55,164,0,1,20788923.393544,31,160,0,1,21556545.217959,46,132,0,1,22373874.893168,
22,1554989159,0.597000,12,188,0,1,19860382.134139,14,176,0,1,22214907.242245,2,176,0,1,21263280.121817,93,144,0,1,38434506.624660,25,188,0,1,19386179.534401,32,180,0,1,22758005.447995,54,172,0,1,18398581.011206,53,120,0,1,21206578.894250,60,144,0,12,25540149.108349,6,152,0,1,21705896.187125,64,152,0,12,26563257.869808,85,156,0,12,22654694.825985,44,164,0,1,19581571.082501,45,160,0,1,18664564.937653,36,152,0,1,21746632.536287,83,176,0,12,22071214.827060,62,100,0,12,26360848.012885,29,196,0,1,20736930.722304,37,108,0,1,21803173.166625,55,164,0,1,20788766.184532,31,160,0,1,21556448.962558,46,132,0,1,22373715.747182,
22,1554989159,0.797000,12,188,0,1,19860459.700357,14,176,0,1,22214958.266681,2,176,0,1,21263257.802989,93,144,0,1,38434503.884975,25,188,0,1,19386161.717729,32,180,0,1,22758100.795985,54,172,0,1,18398578.637977,53,120,0,1,21206720.153763,60,144,0,12,25540251.872681,6,152,0,1,21705954.540654,64,152,0,12,26563339.292524,85,156,0,12,22654746.304127,44,164,0,1,19581680.495366,45,160,0,1,18664495.258934,36,152,0,1,21746707.467522,83,176,0,12,22071132.200279,62,100,0,12,26360842.289214,29,196,0,1,20736820.105374,37,104,0,1,21803118.756846,55,164,0,1,20788608.940620,31,160,0,1,21556352.689707,46,132,0,1,22373556.723348,
22,1554989159,0.997000,12,188,0,1,19860537.057172,14,176,0,1,22215009.395819,2,176,0,1,21263235.501610,93,144,0,1,38434501.145291,25,188,0,1,19386143.848706,32,180,0,1,22758196.143975,54,172,0,1,18398576.125145,53,120,0,1,21206861.326024,60,144,0,12,25540354.514862,6,152,0,1,21706012.894182,64,152,0,12,26563420.994443,85,156,0,12,22654797.939321,44,164,0,1,19581789.960582,45,160,0,1,18664425.545314,36,152,0,1,21746782.363856,83,176,0,12,22071049.625848,62,100,0,12,26360835.989685,29,196,0,1,20736709.418643,37,104,0,1,21803064.922924,55,164,0,1,20788451.696708,31,160,0,1,21556256.347055,46,132,0,1,22373397.682064,
22,1554989160,0.197000,12,188,0,1,19860614.571039,14,176,0,1,22215060.402806,2,176,0,1,21263213.252583,93,144,0,1,38434498.231105,25,188,0,1,19386126.154185,32,180,0,1,22758291.422164,54,172,0,1,18398573.751916,53,120,0,1,21207002.358684,60,144,0,12,25540457.034891,6,152,0,1,21706071.317511,64,152,0,12,26563502.399709,85,156,0,12,22654849.452364,44,164,0,1,19581899.478148,45,156,0,1,18664355.849144,36,152,0,1,21746857.242740,83,176,0,12,22070967.033968,62,100,0,12,26360829.410953,29,196,0,1,20736598.697011,37,108,0,1,21803012.136015,55,164,0,1,20788294.435346,31,160,0,1,21556160.074204,46,132,0,1,22373238.623329,
22,1554989160,0.397000,12,188,0,1,19860692.084906,14,176,0,1,22215111.549394,2,176,0,1,21263191.003555,93,144,0,1,38434495.456520,25,188,0,1,19386108.372413,32,180,0,1,22758386.892305,54,172,0,1,18398571.343786,53,120,0,1,21207145.590071,60,144,0,12,25540559.607271,6,152,0,1,21706129.828091,64,152,0,12,26563584.031827,85,156,0,12,22654901.174810,44,164,0,1,19582009.013165,45,160,0,1,18664286.327477,36,152,0,1,21746932.226326,83,176,0,12,22070884.616589,62,104,0,12,26360823.861784,29,196,0,1,20736488.010280,37,108,0,1,21802958.476596,55,164,0,1,20788137.522988,31,160,0,1,21556063.714101,46,132,0,1,22373079.547144,
22,1554989160,0.597000,12,188,0,1,19860769.616224,14,176,0,1,22215162.608731,2,176,0,1,21263168.719627,93,144,0,1,38434492.612135,25,188,0,1,19386090.642992,32,180,0,1,22758482.310095,54,172,0,1,18398568.988006,53,120,0,1,21207287.565043,60,144,0,12,25540662.301803,6,152,0,1,21706188.356121,64,152,0,12,26563665.716297,85,156,0,12,22654952.879805,44,164,0,1,19582118.565632,45,160,0,1,18664216.927961,36,152,0,1,21747007.209912,83,176,0,12,22070801.989808,62,100,0,12,26360817.719307,29,196,0,1,20736377.375900,37,108,0,1,21802905.113830,55,164,0,1,20787980.540829,31,160,0,1,21555967.476151,46,132,0,1,22372920.505859,
22,1554989160,0.797000,12,188,0,1,19860847.077740,14,176,0,1,22215213.702969,2,176,0,1,21263146.522950,93,144,0,1,38434489.889901,25,188,0,1,19386072.826320,32,180,0,1,22758577.832587,54,172,0,1,18398566.632227,53,120,0,1,21207428.231248,60,144,0,12,25540764.978884,6,152,0,1,21706246.849251,64,152,0,12,26563747.191363,85,156,0,12,22655004.567350,44,164,0,1,19582227.995948,45,160,0,1,18664147.423743,36,152,0,1,21747082.141147,83,176,0,12,22070719.310677,62,100,0,12,26360812.763446,29,196,0,1,20736266.811320,37,108,0,1,21802850.948354,55,164,0,1,20787823.523770,31,160,0,1,21555871.255650,46,132,0,1,22372761.534376,
22,1554989160,0.997000,12,188,0,1,19860924.643958,14,176,0,1,22215264.779756,2,176,0,1,21263124.396074,93,144,0,1,38434487.132766,25,188,0,1,19386055.114349,32,180,0,1,22758673.250378,54,172,0,1,18398564.224097,53,120,0,1,21207570.677375,60,144,0,12,25540867.743216,6,152,0,1,21706305.290030,64,152,0,12,26563828.771131,85,156,0,12,22655056.167644,44,164,0,1,19582337.478614,45,160,0,1,18664077.936976,36,152,0,1,21747157.142182,83,176,0,12,22070636.718796,62,100,0,12,26360807.458579,29,196,0,1,20736156.194390,37,108,0,1,21802797.620489,55,164,0,1,20787666.506711,31,160,0,1,21555775.104950,46,132,0,1,22372602.510542,
22,1554989161,0.197000,12,188,0,1,19861002.140375,14,176,0,1,22215315.821643,2,176,0,1,21263102.199397,93,144,0,1,38434484.358182,25,188,0,1,19386037.158075,32,180,0,1,22758768.772870,54,172,0,1,18398561.938118,53,120,0,1,21207713.315455,60,144,0,12,25540970.315596,6,152,0,1,21706363.730809,64,152,0,12,26563910.350899,85,156,0,12,22655107.680686,44,164,0,1,19582446.978730,45,160,0,1,18664008.415309,36,152,0,1,21747232.125768,83,176,0,12,22070554.039665,62,100,0,12,26360801.630207,29,196,0,1,20736045.490208,37,112,0,1,21802744.275173,55,164,0,1,20787509.542002,31,160,0,1,21555678.954250,46,132,0,1,22372443.591409,
22,1554989161,0.397000,12,188,0,1,19861079.828744,14,176,0,1,22215366.863530,2,176,0,1,21263080.089971,93,144,0,1,38434481.601047,25,188,0,1,19386019.358852,32,180,0,1,22758864.295362,54,172,0,1,18398559.634690,53,120,0,1,21207851.765483,60,144,0,12,25541072.905426,6,152,0,1,21706422.189039,64,152,0,12,26563992.017918,85,156,0,12,22655159.193729,44,164,0,1,19582556.583548,45,156,0,1,18663939.015793,36,152,0,1,21747307.161704,83,176,0,12,22070471.761888,62,104,0,12,26360795.330678,29,196,0,1,20735934.960529,37,112,0,1,21802690.842606,55,164,0,1,20787352.437692,31,160,0,1,21555582.768650,46,132,0,1,22372284.637375,
22,1554989161,0.597000,12,188,0,1,19861157.290261,14,176,0,1,22215417.992668,2,176,0,1,21263057.910744,93,144,0,1,38434478.896264,25,188,0,1,19386001.769033,32,180,0,1,22758959.852754,54,172,0,1,18398557.348711,53,120,0,1,21207990.163160,60,144,0,12,25541175.547607,6,152,0,1,21706480.629818,64,152,0,12,26564073.772188,85,156,0,12,22655210.933625,44,164,0,1,19582666.031313,45,156,0,1,18663869.476675,36,152,0,1,21747382.127840,83,176,0,12,22070389.344510,62,100,0,12,26360790.305015,29,196,0,1,20735824.308699,37,112,0,1,21802637.741594,55,164,0,1,20787195.490434,31,160,0,1,21555486.530699,46,132,0,1,22372125.630991,
22,1554989161,0.797000,12,188,0,1,19861234.856479,14,176,0,1,22215469.139256,2,176,0,1,21263035.906020,93,144,0,1,38434476.174030,25,188,0,1,19385984.091962,32,180,0,1,22759055.305445,54,172,0,1,18398555.097633,53,120,0,1,21208131.684426,60,144,0,12,25541278.259588,6,152,0,1,21706539.088047,64,152,0,12,26564155.439207,85,156,0,12,22655262.568819,44,168,0,1,19582775.548880,45,156,0,1,18663799.937558,36,152,0,1,21747457.128876,83,176,0,12,22070306.874781,62,104,0,12,26360784.040387,29,196,0,1,20735713.726669,37,112,0,1,21802585.233889,55,164,0,1,20787038.438474,31,160,0,1,21555390.345099,46,128,0,1,22371966.676958,
22,1554989161,0.997000,12,188,0,1,19861312.317995,14,176,0,1,22215520.268394,2,176,0,1,21263013.796594,93,144,0,1,38434473.416895,25,188,0,1,19385966.502143,32,180,0,1,22759150.793037,54,172,0,1,18398552.951256,53,120,0,1,21208275.456770,60,144,0,12,25541380.692367,6,152,0,1,21706597.528827,64,152,0,12,26564237.053876,85,156,0,12,22655314.064412,44,168,0,1,19582885.083897,45,156,0,1,18663730.555492,36,152,0,1,21747532.182262,83,176,0,12,22070224.439952,62,104,0,12,26360778.735521,29,196,0,1,20735603.179539,37,116,0,1,21802533.563794,55,164,0,1,20786881.473765,31,160,0,1,21555294.194399,46,128,0,1,22371807.653124,
22,1554989162,0.197000,12,188,0,1,19861389.849313,14,176,0,1,22215571.275380,2,176,0,1,21262991.791869,93,144,0,1,38434470.589960,25,188,0,1,19385948.772722,32,180,0,1,22759246.263178,54,172,0,1,18398550.735078,53,120,0,1,21208417.990148,60,144,0,12,25541483.317097,6,152,0,1,21706655.952156,64,152,0,12,26564318.720895,85,156,0,12,22655365.734506,44,164,0,1,19582994.566563,45,156,0,1,18663661.051275,36,152,0,1,21747607.218198,83,176,0,12,22070142.040024,62,104,0,12,26360773.954161,29,196,0,1,20735492.667310,37,116,0,1,21802481.754097,55,164,0,1,20786724.491607,31,160,0,1,21555198.078600,46,128,0,1,22371648.629289,
22,1554989162,0.397000,12,188,0,1,19861467.450431,14,176,0,1,22215622.404518,2,176,0,1,21262969.612643,93,144,0,1,38434467.937527,25,188,0,1,19385931.200352,32,180,0,1,22759341.803120,54,172,0,1,18398548.466550,53,120,0,1,21208558.377150,60,144,0,12,25541585.889477,6,152,0,1,21706714.445285,64,152,0,12,26564400.492615,85,156,0,12,22655417.299900,44,164,0,1,19583104.101579,45,156,0,1,18663591.547057,36,152,0,1,21747682.131983,83,176,0,12,22070059.465593,62,100,0,12,26360768.771447,29,196,0,1,20735382.120181,37,116,0,1,21802428.094678,55,164,0,1,20786567.526898,31,160,0,1,21555101.962801,46,128,0,1,22371489.535654,
22,1554989162,0.597000,12,188,0,1,19861545.051549,14,176,0,1,22215673.568557,2,176,0,1,21262947.520667,93,144,0,1,38434465.145492,25,188,0,1,19385913.575633,32,180,0,1,22759437.255811,54,172,0,1,18398546.128221,53,120,0,1,21208701.992442,60,144,0,12,25541688.618909,6,152,0,1,21706772.920965,64,152,0,12,26564482.177084,85,156,0,12,22655468.952544,44,164,0,1,19583213.758748,45,156,0,1,18663521.973039,36,152,0,1,21747757.098119,83,176,0,12,22069977.135466,62,100,0,12,26360762.855823,29,196,0,1,20735271.590502,37,116,0,1,21802375.011115,55,164,0,1,20786410.527289,31,160,0,1,21555005.951703,46,128,0,1,22371330.459469,
22,1554989162,0.797000,12,188,0,1,19861622.652668,14,176,0,1,22215724.784946,2,176,0,1,21262925.463592,93,144,0,1,38434462.458158,25,188,0,1,19385895.950913,32,180,0,1,22759532.760853,54,172,0,1,18398543.859693,53,120,0,1,21208844.089565,60,144,0,12,25541791.383241,6,152,0,1,21706831.379195,64,152,0,12,26564563.652151,85,156,0,12,22655520.587738,44,164,0,1,19583323.398466,45,156,0,1,18663452.556073,36,152,0,1,21747832.046804,83,176,0,12,22069894.683187,62,100,0,12,26360757.027450,29,196,0,1,20735160.991022,37,116,0,1,21802322.695363,55,164,0,1,20786253.719632,31,160,0,1,21554909.766103,46,128,0,1,22371171.435635,
22,1554989162,0.997000,12,188,0,1,19861700.131634,14,176,0,1,22215776.071136,2,176,0,1,21262903.301815,93,144,0,1,38434459.683574,25,188,0,1,19385878.308742,32,180,0,1,22759628.318245,54,172,0,1,18398541.486463,53,120,0,1,21208985.767883,60,144,0,12,25541894.025422,6,152,0,1,21706889.872324,64,152,0,12,26564645.406421,85,156,0,12,22655572.205483,44,164,0,1,19583432.863682,45,156,0,1,18663383.051856,36,152,0,1,21747907.047840,83,176,0,12,22069812.161108,62,100,0,12,26360751.792385,29,196,0,1,20735050.426442,37,120,0,1,21802269.105744,55,164,0,1,20786096.807274,31,160,0,1,21554813.685204,46,128,0,1,22371012.411801,
22,1554989163,0.197000,12,188,0,1,19861777.767653,14,176,0,1,22215827.270075,2,176,0,1,21262881.227290,93,144,0,1,38434456.786838,25,188,0,1,19385860.631672,32,180,0,1,22759723.805837,54,172,0,1,18398539.183034,53,120,0,1,21209130.447638,60,144,0,12,25541996.615252,6,152,0,1,21706948.417805,64,152,0,12,26564727.038540,85,156,0,12,22655623.788326,44,164,0,1,19583542.328898,45,156,0,1,18663313.599989,36,152,0,1,21747982.101226,83,176,0,12,22069729.656478,62,100,0,12,26360745.545207,29,196,0,1,20734939.949114,37,120,0,1,21802216.772541,55,164,0,1,20785939.894917,31,160,0,1,21554717.482153,46,128,0,1,22370853.475218,
22,1554989163,0.397000,12,188,0,1,19861855.351321,14,176,0,1,22215878.556264,2,176,0,1,21262859.013163,93,144,0,1,38434454.134405,25,188,0,1,19385843.059303,32,180,0,1,22759819.345779,54,172,0,1,18398536.931956,53,120,0,1,21209273.923328,60,144,0,12,25542099.239982,6,152,0,1,21707006.910935,64,152,0,12,26564808.792810,85,156,0,12,22655675.336269,44,164,0,1,19583651.898815,45,156,0,1,18663244.078322,36,152,0,1,21748057.172063,83,176,0,12,22069647.256550,62,100,0,12,26360738.861773,29,196,0,1,20734829.489235,37,120,0,1,21802165.032645,55,164,0,1,20785782.895308,31,160,0,1,21554621.418705,46,128,0,1,22370694.556085,
22,1554989163,0.597000,12,188,0,1,19861932.917539,14,176,0,1,22215929.790104,2,176,0,1,21262836.868836,93,140,0,1,38434451.307469,25,188,0,1,19385825.382232,32,180,0,1,22759914.728669,54,172,0,1,18398534.698328,53,120,0,1,21209416.352005,60,144,0,12,25542201.934514,6,148,0,1,21707065.421515,64,152,0,12,26564890.616881,85,156,0,12,22655727.303018,44,164,0,1,19583761.451282,45,156,0,1,18663174.521754,36,152,0,1,21748132.242900,83,176,0,12,22069564.839172,62,100,0,12,26360733.068301,29,196,0,1,20734718.924656,37,120,0,1,21802113.833707,55,164,0,1,20785626.035300,31,160,0,1,21554525.372706,46,128,0,1,22370535.479900,
22,1554989163,0.797000,12,188,0,1,19862010.588458,14,176,0,1,22215981.006493,2,176,0,1,21262814.759410,93,140,0,1,38434448.410733,25,188,0,1,19385807.774962,32,180,0,1,22760010.146459,54,172,0,1,18398532.517051,53,120,0,1,21209558.728332,60,144,0,12,25542304.245140,6,148,0,1,21707123.879744,64,152,0,12,26564972.039597,85,156,0,12,22655779.112714,44,164,0,1,19583870.846697,45,156,0,1,18663105.000086,36,152,0,1,21748207.348637,83,176,0,12,22069482.456694,62,100,0,12,26360727.135227,29,196,0,1,20734608.342626,37,120,0,1,21802058.219863,55,164,0,1,20785469.105492,31,160,0,1,21554429.256907,46,128,0,1,22370376.456065,
22,1554989163,0.997000,12,188,0,1,19862088.137226,14,176,0,1,22216032.187981,2,180,0,1,21262792.737236,93,140,0,1,38434445.618698,25,188,0,1,19385790.115342,32,180,0,1,22760105.599150,54,172,0,1,18398530.265973,53,120,0,1,21209703.634940,60,144,0,12,25542406.747719,6,152,0,1,21707182.512476,64,152,0,12,26565053.724066,85,156,0,12,22655830.817709,44,164,0,1,19583980.242112,45,156,0,1,18663035.635471,36,152,0,1,21748282.367123,83,176,0,12,22069399.864813,62,100,0,12,26360721.498807,29,196,0,1,20734497.725696,37,120,0,1,21802004.734945,55,164,0,1,20785312.175684,31,160,0,1,21554333.088757,46,128,0,1,22370217.554383,
22,1554989164,0.197000,12,188,0,1,19862165.738344,14,176,0,1,22216083.247319,2,180,0,1,21262770.645260,93,140,0,1,38434442.896464,25,188,0,1,19385772.298670,32,180,0,1,22760201.104192,54,172,0,1,18398528.154497,53,120,0,1,21209846.133418,60,144,0,12,25542509.250298,6,152,0,1,21707241.110307,64,152,0,12,26565135.373635,85,156,0,12,22655882.365653,44,164,0,1,19584089.620076,45,156,0,1,18662966.201054,36,152,0,1,21748357.525211,83,176,0,12,22069317.447435,62,100,0,12,26360716.926850,29,196,0,1,20734387.196017,37,120,0,1,21801952.174889,55,164,0,1,20785155.280776,31,160,0,1,21554236.990408,46,128,0,1,22370058.478198,
22,1554989164,0.397000,12,188,0,1,19862243.147510,14,176,0,1,22216134.411357,2,180,0,1,21262748.483483,93,140,0,1,38434440.244031,25,188,0,1,19385754.743751,32,180,0,1,22760296.609234,54,172,0,1,18398525.990670,53,120,0,1,21209988.562095,60,144,0,12,25542611.787778,6,152,0,1,21707299.725588,64,152,0,12,26565217.145355,85,156,0,12,22655934.140449,44,164,0,1,19584199.067842,45,156,0,1,18662896.731738,36,152,0,1,21748432.613498,83,176,0,12,22069234.942805,62,100,0,12,26360711.342780,29,196,0,1,20734276.683788,37,120,0,1,21801899.824236,55,164,0,1,20784998.403319,31,160,0,1,21554140.961860,46,132,0,1,22369899.471814,
22,1554989164,0.597000,12,188,0,1,19862320.870780,14,176,0,1,22216185.505595,2,180,0,1,21262726.339157,93,140,0,1,38434437.504347,25,188,0,1,19385737.049230,32,180,0,1,22760392.009574,54,172,0,1,18398523.896644,53,120,0,1,21210133.451253,60,144,0,12,25542714.412508,6,152,0,1,21707358.288519,64,152,0,12,26565298.742573,85,156,0,12,22655985.862894,44,164,0,1,19584308.567958,45,156,0,1,18662827.262421,36,152,0,1,21748507.684334,83,176,0,12,22069152.542877,62,100,0,12,26360704.851299,29,196,0,1,20734166.136658,37,120,0,1,21801844.908401,55,164,0,1,20784841.456061,31,160,0,1,21554044.863511,46,132,0,1,22369740.447979,
22,1554989164,0.797000,12,188,0,1,19862398.489348,14,176,0,1,22216236.791784,2,180,0,1,21262704.247181,93,144,0,1,38434434.764663,25,188,0,1,19385719.424510,32,180,0,1,22760487.427365,54,172,0,1,18398521.663016,53,120,0,1,21210275.653078,60,144,0,12,25542816.775486,6,152,0,1,21707416.816549,64,152,0,12,26565380.304891,85,156,0,12,22656037.602790,44,164,0,1,19584418.102975,45,156,0,1,18662757.705853,36,152,0,1,21748582.737721,83,176,0,12,22069070.230200,62,100,0,12,26360699.895437,29,196,0,1,20734055.502278,37,120,0,1,21801791.894639,55,164,0,1,20784684.508802,31,160,0,1,21553948.677910,46,132,0,1,22369581.424145,
22,1554989164,0.997000,12,188,0,1,19862476.195168,14,176,0,1,22216288.025624,2,180,0,1,21262682.172656,93,144,0,1,38434431.902827,25,188,0,1,19385701.799790,32,180,0,1,22760583.019658,54,172,0,1,18398519.586440,53,120,0,1,21210421.135543,60,144,0,12,25542919.452567,6,152,0,1,21707475.327130,64,152,0,12,26565462.094061,85,156,0,12,22656089.237984,44,164,0,1,19584527.760144,45,156,0,1,18662688.236536,36,152,0,1,21748657.843458,83,176,0,12,22068987.777921,62,100,0,12,26360695.061727,29,196,0,1,20733944.972599,37,120,0,1,21801737.798965,55,164,0,1,20784527.578994,31,160,0,1,21553852.579561,46,132,0,1,22369422.382861,
22,1554989165,0.197000,12,188,0,1,19862553.726485,14,176,0,1,22216339.172212,2,180,0,1,21262660.202832,93,140,0,1,38434429.198043,25,188,0,1,19385684.122719,32,180,0,1,22760678.472349,54,172,0,1,18398517.387712,53,120,0,1,21210564.087727,60,140,0,12,25543022.024947,6,152,0,1,21707533.820259,64,152,0,12,26565543.761080,85,156,0,12,22656140.942979,44,164,0,1,19584637.207909,45,156,0,1,18662618.714869,36,152,0,1,21748732.896844,83,176,0,12,22068905.203491,62,100,0,12,26360690.385069,29,196,0,1,20733834.355668,37,120,0,1,21801684.296597,55,164,0,1,20784370.544485,31,160,0,1,21553756.411411,46,132,0,1,22369263.620780,
22,1554989165,0.397000,12,188,0,1,19862631.327604,14,176,0,1,22216390.423501,2,180,0,1,21262638.093406,93,144,0,1,38434426.510710,25,188,0,1,19385666.428199,32,180,0,1,22760773.977390,54,172,0,1,18398515.258786,53,120,0,1,21210707.162062,60,140,0,12,25543124.527526,6,152,0,1,21707592.365740,64,152,0,12,26565625.305948,85,156,0,12,22656192.717775,44,164,0,1,19584746.725476,45,156,0,1,18662549.280452,36,152,0,1,21748808.020032,83,176,0,12,22068822.786112,62,100,0,12,26360684.696298,29,196,0,1,20733723.913240,37,120,0,1,21801630.183472,55,164,0,1,20784213.701928,31,160,0,1,21553660.365413,46,132,0,1,22369104.614396,
22,1554989165,0.597000,12,188,0,1,19862708.858921,14,176,0,1,22216441.639891,2,180,0,1,21262616.071231,93,144,0,1,38434423.753575,25,188,0,1,19385648.890730,32,180,0,1,22760869.499882,54,172,0,1,18398513.060058,53,120,0,1,21210849.154484,60,140,0,12,25543227.099906,6,152,0,1,21707650.981021,64,152,0,12,26565706.920616,85,156,0,12,22656244.405320,44,164,0,1,19584856.225592,45,156,0,1,18662479.758785,36,152,0,1,21748883.090868,83,176,0,12,22068740.351284,62,100,0,12,26360680.438444,29,196,0,1,20733613.296310,37,120,0,1,21801578.495927,55,164,0,1,20784056.737219,31,160,0,1,21553564.179813,46,132,0,1,22368945.590561,
22,1554989165,0.797000,12,188,0,1,19862786.460039,14,176,0,1,22216492.821379,2,180,0,1,21262593.979256,93,144,0,1,38434421.031342,25,188,0,1,19385631.091508,32,180,0,1,22760965.057275,54,172,0,1,18398510.861331,53,120,0,1,21210993.973841,60,140,0,12,25543329.724636,6,152,0,1,21707709.648653,64,152,0,12,26565788.552735,85,156,0,12,22656296.040514,44,164,0,1,19584965.673358,45,156,0,1,18662410.289468,36,152,0,1,21748958.214056,83,176,0,12,22068657.707053,62,100,0,12,26360674.906725,29,196,0,1,20733502.731730,37,120,0,1,21801526.023122,55,164,0,1,20783899.824861,31,160,0,1,21553468.081464,46,132,0,1,22368786.671428,
22,1554989165,0.997000,12,188,0,1,19862864.078608,14,176,0,1,22216544.020318,2,180,0,1,21262571.904730,93,144,0,1,38434418.309108,25,188,0,1,19385613.554039,32,180,0,1,22761060.544866,54,172,0,1,18398508.680054,53,124,0,1,21211133.889686,60,140,0,12,25543432.419167,6,152,0,1,21707768.420987,64,152,0,12,26565870.219754,85,156,0,12,22656347.710609,44,164,0,1,19585075.173474,45,156,0,1,18662340.907402,36,152,0,1,21749033.319793,83,176,0,12,22068575.254774,62,100,0,12,26360669.985764,29,196,0,1,20733392.132250,37,120,0,1,21801469.589118,55,164,0,1,20783742.877603,31,160,0,1,21553372.122716,46,132,0,1,22368627.682495,
22,1554989166,0.197000,12,188,0,1,19862941.766977,14,176,0,1,22216595.271607,2,180,0,1,21262549.830205,93,144,0,1,38434415.621774,25,188,0,1,19385595.929319,32,180,0,1,22761156.084808,54,172,0,1,18398506.394075,53,120,0,1,21211275.794857,60,140,0,12,25543534.921746,6,152,0,1,21707827.245671,64,152,0,12,26565951.799522,85,156,0,12,22656399.450505,44,164,0,1,19585184.743391,45,156,0,1,18662271.455536,36,152,0,1,21749108.495331,83,176,0,12,22068492.767595,62,100,0,12,26360665.169504,29,196,0,1,20733281.672372,37,116,0,1,21801413.207464,55,164,0,1,20783585.912894,31,160,0,1,21553276.024367,46,132,0,1,22368468.553959,
22,1554989166,0.397000,12,188,0,1,19863019.455347,14,176,0,1,22216646.487997,2,180,0,1,21262527.860381,93,144,0,1,38434413.004241,25,188,0,1,19385578.112647,32,180,0,1,22761251.502599,54,172,0,1,18398504.334949,53,124,0,1,21211420.090708,60,140,0,12,25543637.668629,6,152,0,1,21707885.913303,64,152,0,12,26566033.431640,85,152,0,12,22656451.207851,44,164,0,1,19585294.260958,45,156,0,1,18662202.038569,36,152,0,1,21749183.653419,83,176,0,12,22068410.210614,62,96,0,12,26360659.463283,29,196,0,1,20733171.177593,37,116,0,1,21801356.232503,55,164,0,1,20783429.140138,31,160,0,1,21553179.926018,46,132,0,1,22368309.582475,
22,1554989166,0.597000,12,188,0,1,19863096.969214,14,176,0,1,22216697.686935,2,180,0,1,21262505.803305,93,144,0,1,38434410.264557,25,188,0,1,19385560.470477,32,180,0,1,22761346.972740,54,172,0,1,18398502.275824,53,124,0,1,21211563.025441,60,140,0,12,25543740.171208,6,152,0,1,21707944.580935,64,152,0,12,26566115.116110,85,152,0,12,22656502.877945,44,164,0,1,19585403.848325,45,156,0,1,18662132.673954,36,152,0,1,21749258.776606,83,176,0,12,22068327.426781,62,96,0,12,26360655.310131,29,196,0,1,20733060.804966,37,116,0,1,21801300.845512,55,164,0,1,20783272.332481,31,160,0,1,21553083.897470,46,132,0,1,22368150.576091,
22,1554989166,0.797000,12,188,0,1,19863174.587782,14,176,0,1,22216748.868424,2,180,0,1,21262483.816031,93,144,0,1,38434407.629574,25,188,0,1,19385542.880657,32,180,0,1,22761442.425431,54,172,0,1,18398500.111997,53,124,0,1,21211706.448781,60,140,0,12,25543842.673787,6,152,0,1,21708003.143866,64,152,0,12,26566196.748228,85,152,0,12,22656554.425888,44,164,0,1,19585513.330991,45,156,0,1,18662063.256988,36,152,0,1,21749333.952144,83,176,0,12,22068244.957052,62,100,0,12,26360650.144866,29,196,0,1,20732950.345088,37,116,0,1,21801247.290794,55,164,0,1,20783115.437574,31,160,0,1,21552987.851471,46,132,0,1,22367991.552257,
22,1554989166,0.997000,12,188,0,1,19863252.223801,14,176,0,1,22216800.032462,2,180,0,1,21262461.724055,93,144,0,1,38434404.802639,25,188,0,1,19385525.290838,32,180,0,1,22761537.982823,54,172,0,1,18398497.895819,53,124,0,1,21211848.615705,60,140,0,12,25543945.193816,6,152,0,1,21708061.951099,64,152,0,12,26566278.327996,85,152,0,12,22656606.113433,44,164,0,1,19585622.743856,45,156,0,1,18661993.927273,36,152,0,1,21749409.145132,83,176,0,12,22068162.365172,62,96,0,12,26360645.293706,29,196,0,1,20732839.815409,37,116,0,1,21801194.364284,55,164,0,1,20782958.595017,31,160,0,1,21552891.770573,46,132,0,1,22367832.510973,
22,1554989167,0.197000,12,184,0,1,19863329.790019,14,176,0,1,22216851.283752,2,180,0,1,21262439.614629,93,144,0,1,38434402.167656,25,188,0,1,19385507.631217,32,180,0,1,22761633.435514,54,172,0,1,18398495.731992,53,124,0,1,21211994.063269,60,140,0,12,25544047.870897,6,156,0,1,21708120.618731,64,152,0,12,26566360.029916,85,152,0,12,22656657.870779,44,164,0,1,19585732.086921,45,156,0,1,18661924.353254,36,152,0,1,21749484.425372,83,176,0,12,22068079.755841,62,96,0,12,26360640.913701,29,196,0,1,20732729.198479,37,116,0,1,21801141.682076,55,164,0,1,20782801.700109,31,160,0,1,21552795.707124,46,132,0,1,22367673.469688,
22,1554989167,0.397000,12,184,0,1,19863407.426038,14,176,0,1,22216902.569942,24,48,0,1,24047660.806059,2,180,0,1,21262417.609905,93,144,0,1,38434399.427972,25,188,0,1,19385490.233350,32,180,0,1,22761728.975457,54,172,0,1,18398493.672866,53,124,0,1,21212136.474496,60,140,0,12,25544150.478177,6,156,0,1,21708179.425965,64,152,0,12,26566441.627134,85,152,0,12,22656709.540874,44,164,0,1,19585841.621938,45,156,0,1,18661854.918838,36,152,0,1,21749559.688161,83,176,0,12,22067997.181411,62,96,0,12,26360635.469233,29,196,0,1,20732618.686250,37,116,0,1,21801087.516600,55,164,0,1,20782644.770301,31,160,0,1,21552699.626225,
1,1554989167,0.397000,46,132,0,1,22367514.376053,
22,1554989167,0.597000,12,184,0,1,19863484.974805,14,176,0,1,22216953.751431,24,52,0,1,24047804.944858,2,180,0,1,21262395.605180,93,144,0,1,38434396.618487,25,188,0,1,19385472.678431,32,180,0,1,22761824.497948,54,172,0,1,18398491.631191,53,124,0,1,21212279.828035,60,140,0,12,25544253.137808,6,156,0,1,21708238.233199,64,152,0,12,26566523.503555,85,152,0,12,22656761.280770,44,164,0,1,19585951.244205,45,156,0,1,18661785.606573,36,152,0,1,21749634.898599,83,176,0,12,22067914.676781,62,100,0,12,26360630.583172,29,196,0,1,20732508.121670,37,116,0,1,21801034.258536,55,164,0,1,20782487.910294,31,160,0,1,21552603.580227,
1,1554989167,0.597000,46,132,0,1,22367355.387119,
