obsCount, time1, time2, sat, SNR, LLI, code,P
19,1552384419,0.600000,7,64,0,1,24589239.219996,28,184,0,1,20937628.721591,30,164,0,1,21879122.395876,43,180,0,1,19807134.828682,13,176,0,1,20295508.487467,15,176,0,1,21368715.750868,5,44,0,1,24275127.954140,80,176,0,12,23560558.820191,78,144,0,12,24284412.262013,63,148,0,12,24735548.884738,86,148,0,12,25187914.665901,34,168,0,1,19495819.039257,44,156,0,1,19444138.830179,35,160,0,1,21525630.988582,33,100,0,1,22731982.417236,60,148,0,12,26130262.318942,52,92,0,1,22279786.860997,93,148,2,1,39385287.461877,24,96,0,1,24619760.706561,
19,1552384419,0.800000,7,64,0,1,24589368.508659,28,184,0,1,20937619.935407,30,164,0,1,21879221.495663,43,180,0,1,19807210.955257,13,176,0,1,20295510.755995,15,176,0,1,21368645.758045,5,48,0,1,24275268.297516,80,176,0,12,23560543.298222,78,144,0,12,24284481.740054,63,148,0,12,24735496.132730,86,148,0,12,25188002.501572,34,168,0,1,19495848.224746,44,156,0,1,19444084.943906,35,160,0,1,21525508.252475,33,100,0,1,22732148.499684,60,148,0,12,26130156.544447,52,92,0,1,22279754.368692,93,148,2,1,39385287.697455,24,96,0,1,24619620.110157,
19,1552384420,0.000000,7,64,0,1,24589497.265091,28,184,0,1,20937611.253923,30,164,0,1,21879320.473298,43,180,0,1,19807287.142907,13,176,0,1,20295513.094325,15,176,0,1,21368575.756496,5,48,0,1,24275408.693243,80,176,0,12,23560528.064182,78,144,0,12,24284551.209371,63,148,0,12,24735443.415622,86,152,0,12,25188090.389594,34,168,0,1,19495877.436411,44,156,0,1,19444031.048909,35,160,0,1,21525385.568719,33,100,0,1,22732316.065399,60,148,0,12,26130050.464573,52,92,0,1,22279722.460969,93,148,2,1,39385287.758531,24,96,0,1,24619479.758055,
19,1552384420,0.200000,7,64,0,1,24589625.812120,28,184,0,1,20937602.808018,30,164,0,1,21879419.424757,43,180,0,1,19807363.382909,13,176,0,1,20295515.502455,15,176,0,1,21368506.034151,5,52,0,1,24275549.106420,80,176,0,12,23560512.550939,78,144,0,12,24284620.486736,63,148,0,12,24735390.419311,86,152,0,12,25188177.946061,34,168,0,1,19495906.578274,44,156,0,1,19443977.267338,35,160,0,1,21525262.684286,33,100,0,1,22732484.337849,60,144,0,12,26129944.594102,52,96,0,1,22279689.820336,93,148,2,1,39385287.819607,24,96,0,1,24619340.156313,
19,1552384420,0.400000,7,64,0,1,24589754.804129,28,184,0,1,20937594.152710,30,164,0,1,21879518.254065,43,180,0,1,19807439.675260,13,176,0,1,20295518.032736,15,176,0,1,21368436.067503,5,52,0,1,24275688.917565,80,176,0,12,23560497.194747,78,144,0,12,24284689.807726,63,148,0,12,24735337.501526,86,152,0,12,25188265.589780,34,168,0,1,19495935.781214,44,156,0,1,19443923.302539,35,160,0,1,21525139.895829,33,100,0,1,22732652.444522,60,144,0,12,26129839.063911,52,96,0,1,22279657.389107,93,148,2,1,39385287.950483,24,96,0,1,24619200.310268,
19,1552384420,0.600000,7,64,0,1,24589883.516935,28,184,0,1,20937585.287999,30,164,0,1,21879617.188075,43,180,0,1,19807515.915262,13,176,0,1,20295520.283814,15,176,0,1,21368366.249182,5,56,0,1,24275828.754885,80,176,0,12,23560481.716404,78,144,0,12,24284759.085090,63,148,0,12,24735284.566290,86,152,0,12,25188353.102622,34,168,0,1,19495964.879452,44,156,0,1,19443869.459893,35,160,0,1,21525017.037571,33,100,0,1,22732820.184740,60,144,0,12,26129733.280691,52,96,0,1,22279625.088754,93,148,2,1,39385288.090085,24,96,0,1,24619061.040081,
19,1552384420,0.800000,7,64,0,1,24590012.500220,28,184,0,1,20937576.676317,30,164,0,1,21879716.122084,43,180,0,1,19807592.181438,13,176,0,1,20295522.552343,15,176,0,1,21368296.326159,5,56,0,1,24275970.223800,80,176,0,12,23560466.560890,78,144,0,12,24284828.519506,63,148,0,12,24735231.692130,86,152,0,12,25188440.877217,34,168,0,1,19495994.012590,44,156,0,1,19443815.643421,35,160,0,1,21524894.249114,33,100,0,1,22732986.668542,60,144,0,12,26129627.139741,52,100,0,1,22279592.727325,93,148,0,1,39385288.116261,24,96,0,1,24618921.255111,
19,1552384421,0.000000,7,64,0,1,24590142.076812,28,184,0,1,20937568.116985,30,164,0,1,21879815.064819,43,180,0,1,19807668.499966,13,176,0,1,20295525.038999,15,176,0,1,21368226.595089,5,56,0,1,24276111.029607,80,176,0,12,23560451.353025,78,144,0,12,24284897.788146,63,148,0,12,24735179.070999,86,152,0,12,25188528.503486,34,168,0,1,19496023.232980,44,156,0,1,19443761.809499,35,160,0,1,21524771.521732,33,100,0,1,22733153.300671,60,144,0,12,26129521.234370,52,100,0,1,22279559.188006,93,148,0,1,39385288.247137,24,96,0,1,24618781.182214,
19,1552384421,0.200000,7,64,0,1,24590270.911769,28,184,0,1,20937559.557653,30,164,0,1,21879914.059904,43,180,0,1,19807744.931919,13,176,0,1,20295527.351153,15,176,0,1,21368156.820394,5,56,0,1,24276251.102505,80,176,0,12,23560436.101535,78,144,0,12,24284967.082960,63,148,0,12,24735126.223014,86,152,0,12,25188616.103579,34,168,0,1,19496052.270142,44,156,0,1,19443708.036653,35,160,0,1,21524648.776901,33,104,0,1,22733321.424794,60,144,0,12,26129415.451150,52,100,0,1,22279525.430560,93,148,0,1,39385288.369289,24,96,0,1,24618641.022065,
19,1552384421,0.400000,7,64,0,1,24590399.738002,28,184,0,1,20937550.945971,30,164,0,1,21880013.020089,43,180,0,1,19807821.259172,13,176,0,1,20295529.741832,15,176,0,1,21368086.967172,5,56,0,1,24276391.960662,80,176,0,12,23560420.570841,78,144,0,12,24285036.386500,63,148,0,12,24735073.488456,86,152,0,12,25188703.834548,34,168,0,1,19496081.412006,44,156,0,1,19443654.255082,35,160,0,1,21524525.988444,33,104,0,1,22733488.650231,60,144,0,12,26129309.510878,52,100,0,1,22279492.659051,93,148,0,1,39385288.369289,24,100,0,1,24618501.542474,
19,1552384421,0.600000,7,64,0,1,24590528.232680,28,184,0,1,20937542.395364,30,164,0,1,21880112.015174,43,180,0,1,19807897.542799,13,176,0,1,20295532.228488,15,176,0,1,21368017.157576,5,56,0,1,24276532.530891,80,176,0,12,23560405.083773,78,144,0,12,24285105.794741,63,148,0,12,24735020.806249,86,152,0,12,25188791.521892,34,168,0,1,19496110.518969,44,156,0,1,19443600.525862,35,160,0,1,21524403.383214,33,104,0,1,22733657.690490,60,144,0,12,26129203.588056,52,100,0,1,22279460.655352,93,148,0,1,39385288.526341,24,100,0,1,24618362.315912,
19,1552384421,0.800000,7,64,0,1,24590657.015287,28,184,0,1,20937533.801132,30,164,0,1,21880211.228387,43,180,0,1,19807973.948577,13,176,0,1,20295534.619168,15,176,0,1,21367947.574833,5,60,0,1,24276672.778291,80,176,0,12,23560389.989334,78,144,0,12,24285175.028480,63,148,0,12,24734967.862288,86,152,0,12,25188879.174336,34,168,0,1,19496139.739359,44,156,0,1,19443546.622139,35,160,0,1,21524280.647107,33,104,0,1,22733825.317282,60,144,0,12,26129097.979338,52,100,0,1,22279428.843605,93,148,0,1,39385288.596142,24,100,0,1,24618223.054449,
19,1552384422,0.000000,7,64,0,1,24590784.750881,28,184,0,1,20937525.180724,30,164,0,1,21880310.179847,43,180,0,1,19808050.162403,13,176,0,1,20295536.974948,15,176,0,1,21367877.765237,5,60,0,1,24276813.313620,80,176,0,12,23560374.214337,78,144,0,12,24285244.340745,63,148,0,12,24734915.188806,86,152,0,12,25188966.826780,34,168,0,1,19496168.863772,44,156,0,1,19443492.823118,35,160,0,1,21524157.972077,33,104,0,1,22733992.621244,60,144,0,12,26128992.231019,52,100,0,1,22279396.700304,93,148,0,1,39385288.718293,24,100,0,1,24618082.728524,
19,1552384422,0.200000,7,68,0,1,24590913.542213,28,184,0,1,20937516.507966,30,164,0,1,21880409.236008,43,180,0,1,19808126.507106,13,176,0,1,20295539.400528,15,176,0,1,21367808.121418,5,60,0,1,24276954.608033,80,176,0,12,23560358.823245,78,144,0,12,24285314.028190,63,148,0,12,24734862.262296,86,152,0,12,25189054.287271,34,168,0,1,19496198.066712,44,156,0,1,19443439.111348,35,160,0,1,21524035.340672,33,104,0,1,22734159.637278,60,144,0,12,26128886.290747,52,104,0,1,22279364.434851,93,148,0,1,39385288.884070,24,100,0,1,24617942.498574,
19,1552384422,0.400000,7,68,0,1,24591042.394621,28,184,0,1,20937507.747957,30,164,0,1,21880508.405595,43,180,0,1,19808202.755832,13,176,0,1,20295541.703957,15,176,0,1,21367738.399073,5,60,0,1,24277095.649418,80,176,0,12,23560343.083149,78,144,0,12,24285383.244478,63,148,0,12,24734809.292160,86,152,0,12,25189142.070592,34,168,0,1,19496227.252201,44,156,0,1,19443385.259976,35,160,0,1,21523912.665641,33,104,0,1,22734327.333871,60,144,0,12,26128780.280674,52,104,0,1,22279330.843182,93,148,0,1,39385288.910245,24,100,0,1,24617801.212886,
19,1552384422,0.600000,7,68,0,1,24591171.220853,28,184,0,1,20937499.179900,30,164,0,1,21880607.313429,43,180,0,1,19808278.917307,13,176,0,1,20295544.155712,15,176,0,1,21367668.851230,5,60,0,1,24277236.664627,80,176,0,12,23560327.753133,78,144,0,12,24285452.696345,63,148,0,12,24734756.374375,86,152,0,12,25189229.740485,34,168,0,1,19496256.428965,44,156,0,1,19443331.434779,35,160,0,1,21523789.859733,33,104,0,1,22734494.349905,60,144,0,12,26128674.445104,52,104,0,1,22279297.452191,93,148,0,1,39385288.980046,24,100,0,1,24617661.331940,
19,1552384422,0.800000,7,72,0,1,24591300.745094,28,184,0,1,20937490.760170,30,164,0,1,21880706.369590,43,180,0,1,19808355.323086,13,176,0,1,20295546.581292,15,176,0,1,21367598.989283,5,60,0,1,24277376.501947,80,176,0,12,23560312.274790,78,144,0,12,24285522.008610,63,148,0,12,24734703.378063,86,152,0,12,25189317.611057,34,168,0,1,19496285.745331,44,156,0,1,19443277.757909,35,160,0,1,21523667.228328,33,104,0,1,22734662.517653,60,144,0,12,26128568.557182,52,104,0,1,22279264.322952,93,148,0,1,39385289.145823,24,100,0,1,24617520.936214,
19,1552384423,0.000000,7,72,0,1,24591429.728379,28,184,0,1,20937482.052511,30,164,0,1,21880805.233799,43,180,0,1,19808431.440935,13,176,0,1,20295549.033048,15,176,0,1,21367529.240763,5,60,0,1,24277517.429905,80,176,0,12,23560296.726646,78,144,0,12,24285591.477926,63,148,0,12,24734650.599880,86,152,0,12,25189405.298401,34,168,0,1,19496314.983170,44,156,0,1,19443223.958888,35,160,0,1,21523544.544572,33,104,0,1,22734830.746477,60,144,0,12,26128462.608185,52,104,0,1,22279231.909173,93,148,0,1,39385289.189449,24,100,0,1,24617380.627738,
19,1552384423,0.200000,7,72,0,1,24591557.978754,28,184,0,1,20937473.449554,30,164,0,1,21880904.263785,43,180,0,1,19808507.837989,13,176,0,1,20295551.388827,15,176,0,1,21367459.378816,5,60,0,1,24277658.008860,80,176,0,12,23560281.248302,78,144,0,12,24285660.842542,63,148,0,12,24734597.795521,86,152,0,12,25189492.924669,34,168,0,1,19496344.247186,44,156,0,1,19443170.220943,35,160,0,1,21523421.782291,33,104,0,1,22734998.565221,60,144,0,12,26128356.650463,52,104,0,1,22279198.212802,93,148,0,1,39385289.163274,24,100,0,1,24617240.519940,
19,1552384423,0.400000,7,72,0,1,24591686.551958,28,184,0,1,20937464.829146,30,164,0,1,21881003.223970,43,180,0,1,19808584.147791,13,176,0,1,20295553.796958,15,176,0,1,21367389.577945,5,56,0,1,24277799.311998,80,176,0,12,23560265.822310,78,144,0,12,24285730.250783,63,148,0,12,24734545.104588,86,152,0,12,25189580.760340,34,168,0,1,19496373.275623,44,156,0,1,19443116.465547,35,160,0,1,21523299.020009,33,104,0,1,22735165.808108,60,144,0,12,26128250.727642,52,104,0,1,22279164.324479,93,148,0,1,39385289.311600,24,100,0,1,24617100.883297,
19,1552384423,0.600000,7,72,0,1,24591815.735920,28,184,0,1,20937456.287265,30,164,0,1,21881102.262680,43,180,0,1,19808660.457593,13,176,0,1,20295556.248713,15,176,0,1,21367319.698548,5,56,0,1,24277939.856051,80,176,0,12,23560250.282891,78,144,0,12,24285799.606673,63,148,0,12,24734492.143178,86,152,0,12,25189668.264457,34,168,0,1,19496402.417486,44,156,0,1,19443062.622900,35,160,0,1,21523176.318803,33,104,0,1,22735333.749003,60,144,0,12,26128145.084023,52,104,0,1,22279130.706635,93,148,0,1,39385289.276700,24,100,0,1,24616960.993627,
19,1552384423,0.800000,7,76,0,1,24591944.623228,28,184,0,1,20937447.823909,30,164,0,1,21881201.275216,43,180,0,1,19808736.784846,13,176,0,1,20295558.604493,15,176,0,1,21367249.836602,5,56,0,1,24278081.420943,80,176,0,12,23560234.865624,78,144,0,12,24285868.735711,63,148,0,12,24734439.364994,86,152,0,12,25189755.960526,34,168,0,1,19496431.463374,44,156,0,1,19443008.754078,35,160,0,1,21523053.669947,33,104,0,1,22735501.297269,60,144,0,12,26128039.178652,52,104,0,1,22279096.382057,93,148,0,1,39385289.285425,24,100,0,1,24616821.042880,
19,1552384424,0.000000,7,72,0,1,24592073.685039,28,184,0,1,20937439.142426,30,164,0,1,21881300.139424,43,180,0,1,19808813.051022,13,176,0,1,20295560.977722,15,176,0,1,21367180.096806,5,56,0,1,24278223.474440,80,176,0,12,23560219.334930,78,144,0,12,24285938.117777,63,148,0,12,24734386.438484,86,152,0,12,25189843.421018,34,168,0,1,19496460.631413,44,156,0,1,19442954.867806,35,160,0,1,21522930.881490,33,104,0,1,22735668.889160,60,144,0,12,26127933.299456,52,104,0,1,22279063.619273,93,148,0,1,39385289.381401,24,96,0,1,24616680.062571,
19,1552384424,0.200000,7,76,0,1,24592202.581072,28,184,0,1,20937430.426042,30,164,0,1,21881399.029808,43,180,0,1,19808889.308474,13,176,0,1,20295563.263701,15,176,0,1,21367110.391912,5,60,0,1,24278364.463475,80,176,0,12,23560203.917663,78,144,0,12,24286007.517293,63,148,0,12,24734333.407272,86,152,0,12,25189931.099637,34,168,0,1,19496489.904153,44,156,0,1,19442901.051334,35,160,0,1,21522808.180284,33,104,0,1,22735836.629378,60,144,0,12,26127827.184682,52,104,0,1,22279030.987366,93,148,0,1,39385289.459927,24,100,0,1,24616540.347403,
19,1552384424,0.400000,7,76,0,1,24592331.337504,28,184,0,1,20937421.927786,30,164,0,1,21881498.024894,43,180,0,1,19808965.504849,13,176,0,1,20295565.811432,15,176,0,1,21367040.643391,5,60,0,1,24278506.176693,80,176,0,12,23560188.631272,78,144,0,12,24286076.759757,63,148,0,12,24734280.585463,86,152,0,12,25190018.865507,34,168,0,1,19496519.089642,44,156,0,1,19442847.339564,35,160,0,1,21522685.304576,33,108,0,1,22736002.729276,60,144,0,12,26127721.288035,52,104,0,1,22278998.137331,93,148,0,1,39385289.573354,24,100,0,1,24616400.667135,
19,1552384424,0.600000,7,76,0,1,24592459.797282,28,184,0,1,20937413.307378,30,168,0,1,21881596.845477,43,180,0,1,19809041.744851,13,176,0,1,20295568.254463,15,176,0,1,21366970.912321,5,60,0,1,24278647.453656,80,176,0,12,23560173.248905,78,144,0,12,24286145.958595,63,148,0,12,24734227.746203,86,152,0,12,25190106.465600,34,164,0,1,19496548.266406,44,156,0,1,19442793.592893,35,160,0,1,21522562.699346,33,104,0,1,22736170.591645,60,144,0,12,26127615.365214,52,104,0,1,22278967.102119,93,148,0,1,39385289.678055,24,100,0,1,24616261.187545,
19,1552384424,0.800000,7,76,0,1,24592588.544988,28,184,0,1,20937404.617170,30,164,0,1,21881695.709685,43,180,0,1,19809117.801625,13,176,0,1,20295570.723669,15,176,0,1,21366901.067825,5,60,0,1,24278788.320538,80,176,0,12,23560157.945064,78,144,0,12,24286215.523888,63,148,0,12,24734175.046546,86,152,0,12,25190194.275096,34,164,0,1,19496577.408270,44,156,0,1,19442739.837497,35,160,0,1,21522440.067941,33,108,0,1,22736338.427840,60,144,0,12,26127509.555818,52,104,0,1,22278934.592363,93,156,0,1,39385289.939808,24,100,0,1,24616121.568353,
19,1552384425,0.000000,7,76,0,1,24592716.411459,28,184,0,1,20937396.049113,30,164,0,1,21881794.521543,43,180,0,1,19809194.076526,13,176,0,1,20295573.262675,15,176,0,1,21366831.232053,5,64,0,1,24278929.693477,80,176,0,12,23560142.213693,78,144,0,12,24286284.897229,63,148,0,12,24734122.163661,86,152,0,12,25190281.866464,34,164,0,1,19496606.532683,44,156,0,1,19442686.029751,35,160,0,1,21522317.427811,33,108,0,1,22736504.676064,60,144,0,12,26127403.502120,52,104,0,1,22278902.457787,93,156,0,1,39385289.983434,24,100,0,1,24615982.952548,
19,1552384425,0.200000,7,76,0,1,24592845.211516,28,184,0,1,20937387.550857,30,164,0,1,21881893.342126,43,180,0,1,19809270.447404,13,176,0,1,20295575.513753,15,176,0,1,21366761.352656,5,64,0,1,24279071.450321,80,176,0,12,23560126.883676,78,144,0,12,24286354.436346,63,148,0,12,24734069.193525,86,152,0,12,25190369.545083,34,164,0,1,19496635.691997,44,156,0,1,19442632.605909,35,160,0,1,21522194.752780,33,108,0,1,22736672.206879,60,144,0,12,26127297.596749,52,104,0,1,22278869.005720,93,156,0,1,39385290.210287,24,100,0,1,24615843.219929,
19,1552384425,0.400000,7,76,0,1,24592974.124999,28,184,0,1,20937379.183477,30,168,0,1,21881992.328486,43,180,0,1,19809346.608880,13,176,0,1,20295577.904433,15,176,0,1,21366691.490710,5,64,0,1,24279212.500431,80,176,0,12,23560111.318082,78,144,0,12,24286423.931839,63,148,0,12,24734016.301915,86,152,0,12,25190457.066650,34,164,0,1,19496665.017088,44,156,0,1,19442578.824338,35,160,0,1,21522072.007949,33,108,0,1,22736840.845784,60,144,0,12,26127191.316198,52,104,0,1,22278836.330187,93,148,0,1,39385290.332438,24,100,0,1,24615703.818865,
19,1552384425,0.600000,7,76,0,1,24593102.785455,28,184,0,1,20937370.493269,30,164,0,1,21882091.323572,43,180,0,1,19809422.761630,13,180,0,1,20295580.260213,15,176,0,1,21366621.829440,5,64,0,1,24279354.684805,80,176,0,12,23560095.935715,78,144,0,12,24286493.148127,63,148,0,12,24733963.480106,86,152,0,12,25190544.500966,34,168,0,1,19496694.220027,44,156,0,1,19442525.034042,35,160,0,1,21521949.332918,33,108,0,1,22737007.730941,60,144,0,12,26127085.349750,52,104,0,1,22278803.192223,93,148,0,1,39385290.358614,24,100,0,1,24615564.417801,
19,1552384425,0.800000,7,72,0,1,24593231.062005,28,184,0,1,20937361.960113,30,172,0,1,21882190.275031,43,180,0,1,19809499.027807,13,180,0,1,20295582.650893,15,176,0,1,21366552.063470,5,64,0,1,24279496.642327,80,176,0,12,23560080.658050,78,144,0,12,24286562.521468,63,148,0,12,24733910.544870,86,152,0,12,25190631.926557,34,168,0,1,19496723.440417,44,156,0,1,19442471.269921,35,160,0,1,21521826.762588,33,108,0,1,22737174.816776,60,144,0,12,26126979.374578,52,104,0,1,22278770.124061,93,148,0,1,39385290.437139,24,100,0,1,24615424.091875,
19,1552384426,0.000000,7,68,0,1,24593360.568796,28,184,0,1,20937353.575283,30,172,0,1,21882289.226491,43,180,0,1,19809575.346334,13,180,0,1,20295585.093923,15,176,0,1,21366482.323675,5,68,0,1,24279637.962915,80,176,0,12,23560065.441460,78,144,0,12,24286631.903534,63,148,0,12,24733857.766687,86,152,0,12,25190719.657526,34,168,0,1,19496752.704432,44,160,0,1,19442417.444725,35,160,0,1,21521704.105008,33,108,0,1,22737342.338866,60,144,0,12,26126873.338330,52,104,0,1,22278737.509604,93,136,0,1,39385290.602917,24,100,0,1,24615283.827024,
19,1552384426,0.200000,7,68,0,1,24593487.693632,28,184,0,1,20937345.094477,30,172,0,1,21882388.108150,43,180,0,1,19809651.577610,13,180,0,1,20295587.606754,15,176,0,1,21366412.592605,5,72,0,1,24279778.978125,80,176,0,12,23560050.146344,78,144,0,12,24286701.399026,63,148,0,12,24733804.944878,86,152,0,12,25190807.135468,34,168,0,1,19496782.099324,44,160,0,1,19442363.724229,35,160,0,1,21521581.613204,33,112,0,1,22737509.817331,60,144,0,12,26126767.302082,52,108,0,1,22278704.982398,93,136,0,1,39385290.777419,24,100,0,1,24615144.425960,
19,1552384426,0.400000,7,68,0,1,24593616.642016,28,184,0,1,20937336.622396,30,172,0,1,21882487.111960,43,180,0,1,19809727.817611,13,180,0,1,20295590.154486,15,176,0,1,21366342.983686,5,72,0,1,24279919.129548,80,176,0,12,23560034.755252,78,144,0,12,24286770.702566,63,148,0,12,24733752.253945,86,152,0,12,25190894.700660,34,164,0,1,19496811.363339,44,156,0,1,19442310.291663,35,160,0,1,21521458.911998,33,112,3,1,22737677.985079,60,132,0,12,26126661.510137,52,108,0,1,22278671.617582,93,136,0,1,39385290.978096,24,100,0,1,24615004.483939,
19,1552384426,0.600000,7,68,0,1,24593745.476974,28,184,0,1,20937328.167766,30,172,0,1,21882586.115770,43,180,0,1,19809804.223390,13,180,0,1,20295592.518991,15,176,0,1,21366273.392218,5,72,0,1,24280058.966868,80,176,0,12,23560019.468861,78,144,0,12,24286840.276584,63,148,0,12,24733699.580463,86,152,0,12,25190982.422905,34,164,0,1,19496840.644805,44,160,0,1,19442256.667144,35,164,0,1,21521336.359119,33,112,2,1,22737847.793148,60,136,0,12,26126555.630941,52,104,0,1,22278639.282328,93,136,0,1,39385291.161324,24,100,0,1,24614865.344628,
19,1552384426,0.800000,7,64,0,1,24593874.922689,28,184,0,1,20937319.756761,30,172,0,1,21882685.154481,43,180,0,1,19809880.594268,13,180,0,1,20295595.084173,15,176,0,1,21366203.861825,5,72,0,1,24280199.057216,80,176,0,12,23560004.374423,78,144,0,12,24286909.780801,63,148,0,12,24733646.828455,86,152,0,12,25191070.022998,34,164,0,1,19496869.934995,44,160,0,1,19442202.972824,35,164,0,1,21521213.771340,33,116,2,1,22738013.107786,60,136,0,12,26126449.847721,52,104,3,1,22278607.043051,93,136,0,1,39385291.388176,24,100,0,1,24614726.161691,
19,1552384427,0.000000,7,64,0,1,24594003.836173,28,184,0,1,20937311.118903,30,172,0,1,21882784.105941,43,180,0,1,19809956.895345,13,180,0,1,20295597.579554,15,176,0,1,21366134.261632,5,68,0,1,24280339.636170,80,176,0,12,23559988.939705,78,144,0,12,24286979.389720,63,144,0,12,24733594.076447,86,152,0,12,25191157.404963,34,164,0,1,19496899.251361,44,160,0,1,19442149.295954,35,164,0,1,21521091.201010,33,116,2,1,22738180.778203,60,136,0,12,26126343.863823,52,104,0,1,22278575.213854,93,136,0,1,39385291.370726,24,100,0,1,24614586.612300,
19,1552384427,0.200000,7,68,0,1,24594132.278500,28,184,0,1,20937302.812600,30,172,0,1,21882883.179552,43,180,0,1,19810033.091721,13,180,0,1,20295600.197086,15,176,0,1,21366064.530562,5,68,0,1,24280479.796319,80,176,0,12,23559973.784191,78,144,0,12,24287048.963738,63,144,0,12,24733541.219737,86,152,0,12,25191245.083582,34,164,0,1,19496928.637527,44,160,0,1,19442095.767411,35,164,0,1,21520968.604506,33,120,2,1,22738348.544596,60,136,0,12,26126237.888651,52,104,0,1,22278544.902825,93,136,0,1,39385291.466702,24,100,0,1,24614446.591753,
19,1552384427,0.400000,7,64,0,1,24594261.340311,28,184,0,1,20937294.410320,30,172,0,1,21882982.131012,43,180,0,1,19810109.436423,13,180,0,1,20295602.683743,15,176,0,1,21365995.017619,5,68,0,1,24280619.991368,80,176,0,12,23559958.497800,78,144,0,12,24287118.555206,63,144,0,12,24733488.511354,86,152,0,12,25191332.631325,34,164,0,1,19496958.128395,44,160,0,1,19442042.116716,35,164,0,1,21520846.060351,33,116,2,1,22738515.115650,60,136,0,12,26126131.974554,52,104,0,1,22278511.825938,93,136,0,1,39385291.711005,24,100,0,1,24614307.426266,
19,1552384427,0.600000,7,68,0,1,24594389.869890,28,184,0,1,20937285.824813,30,172,0,1,21883081.239523,43,180,0,1,19810185.842201,13,180,0,1,20295605.248925,15,176,0,1,21365925.303999,5,72,0,1,24280760.866976,80,176,0,12,23559943.028182,78,144,0,12,24287187.945997,63,144,0,12,24733435.750621,86,152,0,12,25191420.432095,34,164,0,1,19496987.601813,44,160,0,1,19441988.605624,35,164,0,1,21520723.446396,33,116,2,1,22738683.606227,60,136,0,12,26126026.069183,52,104,0,1,22278479.953115,93,136,0,1,39385291.798256,24,100,0,1,24614167.702373,
19,1552384427,0.800000,7,68,0,1,24594518.792098,28,184,0,1,20937277.439983,30,172,0,1,21883180.199708,43,180,0,1,19810262.204354,13,180,0,1,20295607.709405,15,176,0,1,21365855.738706,5,72,0,1,24280902.492943,80,176,0,12,23559927.951194,78,144,0,12,24287257.511290,63,144,0,12,24733382.998613,86,152,0,12,25191508.197965,34,164,0,1,19497016.987980,44,160,0,1,19441935.094531,35,164,0,1,21520600.797541,33,116,2,1,22738848.449709,60,136,0,12,26125920.233612,52,104,0,1,22278448.874277,93,136,0,1,39385291.815707,24,100,0,1,24614026.765689,
19,1552384428,0.000000,7,68,0,1,24594647.914984,28,184,0,1,20937269.072604,30,172,0,1,21883279.124993,43,180,0,1,19810338.566507,13,180,0,1,20295610.300763,15,176,0,1,21365786.260664,5,76,0,1,24281043.560504,80,176,0,12,23559912.734604,78,144,0,12,24287327.015507,63,144,0,12,24733330.264055,86,152,0,12,25191595.780608,34,164,0,1,19497046.365421,44,160,0,1,19441881.522363,35,164,0,1,21520478.288287,33,116,2,1,22739015.683871,60,140,0,12,26125814.319516,52,108,0,1,22278416.163844,93,136,0,1,39385291.876782,24,100,0,1,24613886.841118,
19,1552384428,0.200000,7,64,0,1,24594776.671416,28,184,0,1,20937260.521997,30,172,0,1,21883378.067727,43,180,0,1,19810414.981011,13,180,0,1,20295612.743793,15,176,0,1,21365716.573220,5,76,0,1,24281184.488462,80,176,0,12,23559897.221361,78,144,0,12,24287396.563350,63,144,0,12,24733277.337544,86,152,0,12,25191683.371976,34,164,0,1,19497075.856289,44,160,0,1,19441828.089796,35,164,0,1,21520355.735408,33,116,2,1,22739183.476439,60,140,0,12,26125708.449045,52,108,3,1,22278384.046718,93,136,0,1,39385292.033834,24,100,0,1,24613746.611168,
19,1552384428,0.400000,7,68,0,1,24594905.218445,28,184,0,1,20937252.119717,30,172,0,1,21883477.184964,43,180,0,1,19810491.412964,13,180,0,1,20295615.335150,15,176,0,1,21365646.885775,5,76,0,1,24281326.114429,80,176,0,12,23559881.830269,78,144,0,12,24287466.015217,63,144,0,12,24733224.559361,86,152,0,12,25191771.321074,34,164,0,1,19497105.364608,44,160,0,1,19441774.543803,35,164,0,1,21520233.199979,33,116,2,1,22739352.324746,60,140,0,12,26125602.744351,52,104,2,1,22278353.360510,93,136,0,1,39385292.269412,24,100,0,1,24613606.372494,
19,1552384428,0.600000,7,68,0,1,24595034.193004,28,184,0,1,20937243.743613,30,172,0,1,21883576.249850,43,180,0,1,19810567.731492,13,180,0,1,20295618.005034,15,176,0,1,21365577.346658,5,76,0,1,24281467.626970,80,176,0,12,23559866.779456,78,144,0,12,24287535.353657,63,144,0,12,24733172.008030,86,152,0,12,25191859.060768,34,164,0,1,19497134.855476,44,160,0,1,19441721.085061,35,164,0,1,21520110.812877,33,116,2,1,22739518.328668,60,140,0,12,26125496.934955,52,104,2,1,22278321.042707,93,136,0,1,39385292.330488,24,100,0,1,24613467.730514,
19,1552384428,0.800000,7,68,0,1,24595163.874297,28,184,0,1,20937235.367508,30,172,0,1,21883675.244935,43,180,0,1,19810644.215796,13,180,0,1,20295620.622566,15,176,0,1,21365507.711564,5,76,0,1,24281607.577716,80,176,0,12,23559851.397089,78,144,0,12,24287604.980025,63,144,0,12,24733119.334548,86,152,0,12,25191946.739388,34,164,0,1,19497164.302718,44,160,0,1,19441667.556518,35,164,0,1,21519988.390875,33,116,2,1,22739686.426615,60,140,0,12,26125391.282612,52,104,2,1,22278288.698729,93,136,0,1,39385292.487540,24,96,0,1,24613327.788492,
19,1552384429,0.000000,7,68,0,1,24595293.642842,28,184,0,1,20937227.061204,30,172,0,1,21883774.397073,43,180,0,1,19810720.639025,13,180,0,1,20295623.144123,15,176,0,1,21365438.154996,5,72,0,1,24281748.025794,80,176,0,12,23559836.197949,78,144,0,12,24287674.667470,63,144,0,12,24733066.591265,86,152,0,12,25192034.557608,34,164,0,1,19497193.854662,44,160,0,1,19441614.106501,35,164,0,1,21519865.864171,33,116,2,1,22739852.587588,60,140,0,12,26125285.700070,52,104,2,1,22278254.644629,93,136,0,1,39385292.627142,24,96,0,1,24613188.003523,
19,1552384429,0.200000,7,68,0,1,24595423.542263,28,184,0,1,20937218.789801,30,172,0,1,21883873.409608,43,180,0,1,19810796.905201,13,180,0,1,20295625.779106,15,176,0,1,21365368.580978,5,72,0,1,24281889.974590,80,176,0,12,23559821.147136,78,144,0,12,24287744.040811,63,144,0,12,24733014.005034,86,152,0,12,25192122.436905,34,164,0,1,19497223.354255,44,160,0,1,19441560.717560,35,164,0,1,21519743.389818,33,116,2,1,22740021.566772,60,140,0,12,26125179.995376,52,104,2,1,22278222.457702,93,136,0,1,39385292.871445,24,96,0,1,24613048.244729,
19,1552384429,0.400000,7,68,0,1,24595552.237618,28,184,0,1,20937210.509673,30,172,0,1,21883972.474494,43,180,0,1,19810873.380780,13,180,0,1,20295628.326837,15,176,0,1,21365298.989509,5,68,0,1,24282031.277728,80,176,0,12,23559806.209750,78,144,0,12,24287813.518853,63,144,0,12,24732961.462428,86,152,0,12,25192210.316201,34,164,0,1,19497252.932374,44,160,0,1,19441507.380969,35,160,0,1,21519620.985265,33,116,2,1,22740189.664719,60,140,0,12,26125074.273232,52,104,2,1,22278189.921771,93,136,0,1,39385293.202999,24,96,0,1,24612907.753026,
19,1552384429,0.600000,7,68,0,1,24595680.714846,28,184,0,1,20937202.290620,30,176,0,1,21884071.530655,43,180,0,1,19810949.899985,13,180,0,1,20295630.900745,15,176,0,1,21365229.380591,5,68,0,1,24282172.083535,80,176,0,12,23559791.001885,78,144,0,12,24287883.145221,63,144,0,12,24732908.893647,86,152,0,12,25192297.907569,34,164,0,1,19497282.519218,44,160,0,1,19441453.948402,35,160,0,1,21519498.563263,33,116,2,1,22740357.945894,60,140,0,12,26124968.376585,52,108,2,1,22278157.665044,93,136,0,1,39385293.429852,24,96,0,1,24612768.081484,
19,1552384429,0.800000,7,68,0,1,24595810.116936,28,184,0,1,20937194.045392,30,176,0,1,21884170.743868,43,180,0,1,19811026.375564,13,180,0,1,20295633.640429,15,176,0,1,21365159.762947,5,64,0,1,24282313.177271,80,176,0,12,23559775.820196,78,144,0,12,24287952.701789,63,144,0,12,24732856.281241,86,152,0,12,25192385.909017,34,164,0,1,19497312.236939,44,160,0,1,19441400.367509,35,160,0,1,21519376.176161,33,112,2,1,22740525.642487,60,144,0,12,26124862.427588,52,108,2,1,22278125.600268,93,132,0,1,39385293.578179,24,96,0,1,24612629.134125,
19,1552384430,0.000000,7,68,0,1,24595939.143846,28,184,0,1,20937185.686738,30,176,0,1,21884269.651702,43,180,0,1,19811102.842419,13,180,0,1,20295636.502264,15,176,0,1,21365090.145303,5,64,0,1,24282454.480409,80,176,0,12,23559760.612331,78,144,0,12,24288022.179831,63,144,0,12,24732803.398356,86,152,0,12,25192473.404409,34,164,0,1,19497341.893584,44,160,0,1,19441346.891317,35,160,0,1,21519253.684357,33,112,2,1,22740691.175252,60,144,0,12,26124756.679269,52,108,2,1,22278093.073063,93,132,0,1,39385293.735231,24,96,0,1,24612490.439794,
19,1552384430,0.200000,7,68,0,1,24596069.959403,28,184,0,1,20937177.450235,30,176,0,1,21884368.786389,43,180,0,1,19811179.309273,13,180,0,1,20295639.119797,15,176,0,1,21365020.667262,5,60,0,1,24282596.307053,80,176,0,12,23559745.596419,78,144,0,12,24288091.718949,63,144,0,12,24732750.925551,86,152,0,12,25192561.179004,34,164,0,1,19497371.480428,44,160,0,1,19441293.598352,35,160,0,1,21519131.305980,33,112,2,1,22740857.624154,60,144,0,12,26124650.608120,52,108,2,1,22278060.973387,93,132,0,1,39385293.996984,24,96,0,1,24612350.628650,
19,1552384430,0.400000,7,64,0,1,24596200.277629,28,184,0,1,20937169.205007,30,176,0,1,21884467.755299,43,180,0,1,19811255.802302,13,180,0,1,20295641.676254,15,176,0,1,21364951.032168,5,60,0,1,24282738.072622,80,176,0,12,23559730.414729,78,144,0,12,24288161.231891,63,144,0,12,24732698.513822,86,152,0,12,25192649.067026,34,164,0,1,19497401.058547,44,160,0,1,19441240.244311,35,160,0,1,21519008.779276,33,112,2,1,22741027.659076,60,144,0,12,26124544.807450,52,108,2,1,22278029.091839,93,132,0,1,39385294.119135,24,96,0,1,24612211.419538,
19,1552384430,0.600000,7,60,0,1,24596330.369003,28,184,0,1,20937160.846353,30,164,0,1,21884566.933612,43,180,0,1,19811332.295332,13,176,0,1,20295644.328687,15,176,0,1,21364881.527950,5,60,0,1,24282879.323410,80,172,0,12,23559714.953836,78,144,0,12,24288230.491805,63,148,0,12,24732645.761814,86,152,0,12,25192736.928872,34,164,0,1,19497430.636666,44,160,0,1,19441186.846645,35,160,0,1,21518886.409624,33,112,2,1,22741197.807424,60,144,0,12,26124439.137657,52,108,2,1,22277996.529733,93,144,0,1,39385294.319813,24,96,0,1,24612072.035924,
19,1552384430,0.800000,7,60,0,1,24596459.404638,28,184,0,1,20937152.609850,30,164,0,1,21884666.085749,43,180,0,1,19811408.805811,13,176,0,1,20295646.911319,15,176,0,1,21364811.892856,5,60,0,1,24283019.858738,80,172,0,12,23559700.051350,78,144,0,12,24288300.065824,63,148,0,12,24732593.009806,86,144,0,12,25192824.389364,34,164,0,1,19497460.206060,44,160,0,1,19441133.448978,35,160,0,1,21518763.900371,33,108,2,1,22741364.945609,60,144,0,12,26124333.520214,52,108,2,1,22277964.560934,93,144,0,1,39385294.537941,24,96,0,1,24611931.727448,
19,1552384431,0.000000,7,56,0,1,24596589.469836,28,184,0,1,20937144.233746,30,164,0,1,21884765.168085,43,180,0,1,19811485.290116,13,176,0,1,20295649.633553,15,176,0,1,21364742.257763,5,64,0,1,24283160.568569,80,172,0,12,23559684.642808,78,144,0,12,24288369.639842,63,148,0,12,24732540.650427,86,144,0,12,25192912.190134,34,164,0,1,19497489.871430,44,160,0,1,19441080.051312,35,160,0,1,21518641.521994,33,108,2,1,22741532.380448,60,144,0,12,26124227.719544,52,108,2,1,22277933.072016,93,144,0,1,39385294.721168,24,96,0,1,24611792.492160,
19,1552384431,0.200000,7,56,0,1,24596718.496746,28,180,0,1,20937135.944892,30,160,0,1,21884864.337673,43,180,0,1,19811561.660994,13,176,0,1,20295652.059134,15,176,0,1,21364672.709920,5,68,0,1,24283301.208599,80,172,0,12,23559669.434943,78,144,0,12,24288439.222585,63,148,0,12,24732488.142722,86,144,0,12,25192999.825128,34,164,0,1,19497519.458275,44,156,0,1,19441026.705996,35,160,0,1,21518519.265768,33,108,2,1,22741698.497796,60,148,0,12,26124121.735646,52,112,2,1,22277901.914652,93,132,0,1,39385295.017822,24,96,0,1,24611652.166234,
19,1552384431,0.400000,7,56,0,1,24596847.471305,28,180,0,1,20937127.743290,30,160,0,1,21884963.306582,43,176,0,1,19811638.084222,13,176,0,1,20295654.545790,15,176,0,1,21364603.258053,5,68,0,1,24283441.517075,80,172,0,12,23559654.314330,78,140,0,12,24288508.962380,63,148,0,12,24732435.722268,86,132,0,12,25193087.346695,34,164,0,1,19497549.097469,44,156,0,1,19440973.343231,35,160,0,1,21518396.904841,33,128,2,1,22741863.864785,60,148,0,12,26124016.109478,52,112,2,1,22277870.294858,93,152,0,1,39385295.314475,24,96,0,1,24611511.796683,
19,1552384431,0.600000,7,56,0,1,24596976.742518,28,184,0,1,20937119.611489,30,172,0,1,21885062.406369,43,176,0,1,19811714.629602,13,176,0,1,20295657.137147,15,176,0,1,21364533.727661,5,68,0,1,24283581.502722,80,176,0,12,23559638.783636,78,140,0,12,24288578.623649,63,148,0,12,24732383.074961,86,132,0,12,25193174.894437,34,164,0,1,19497578.658138,44,156,0,1,19440920.041540,35,160,0,1,21518274.526464,33,104,0,1,22742029.406275,60,148,0,12,26123910.326258,52,132,2,1,22277838.387135,93,144,0,1,39385295.515153,24,92,0,1,24611372.395619,
19,1552384431,0.800000,7,56,0,1,24597105.699627,28,180,0,1,20937111.252834,30,168,0,1,21885161.375279,43,176,0,1,19811791.061556,13,180,0,1,20295659.885556,15,176,0,1,21364464.144917,5,72,0,1,24283721.095738,80,176,0,12,23559623.540871,78,144,0,12,24288648.258743,63,148,0,12,24732330.532355,86,120,0,12,25193262.128076,34,164,0,1,19497608.253708,44,160,0,1,19440866.661324,35,160,0,1,21518152.182988,33,108,0,1,22742199.310320,60,148,0,12,26123804.420887,52,112,2,1,22277805.807578,93,152,0,1,39385295.890333,24,92,0,1,24611232.104593,
19,1552384432,0.000000,7,56,0,1,24597234.229206,28,180,0,1,20937102.859280,30,160,0,1,21885260.274388,43,176,0,1,19811867.615661,13,180,0,1,20295662.380937,15,176,0,1,21364394.693051,5,76,0,1,24283862.817682,80,176,0,12,23559608.114878,78,144,0,12,24288718.138140,63,148,0,12,24732278.015925,86,136,0,12,25193345.636093,34,164,0,1,19497638.049954,44,160,0,1,19440813.525411,35,164,0,1,21518029.717360,33,124,0,1,22742364.476631,60,148,0,12,26123698.559141,52,108,2,1,22277776.307985,93,132,0,1,39385295.925233,24,92,0,1,24611092.555202,
19,1552384432,0.200000,7,60,0,1,24597362.060776,28,180,0,1,20937094.570426,30,160,0,1,21885359.347999,43,180,0,1,19811944.178492,13,180,0,1,20295665.146797,15,176,0,1,21364325.101582,5,108,0,1,24284002.602651,80,176,0,12,23559593.194942,78,144,0,12,24288787.607457,63,144,0,12,24732225.394794,86,144,0,12,25193431.386463,34,168,0,1,19497667.767675,44,160,0,1,19440760.040494,35,164,0,1,21517907.243007,33,112,3,1,22742535.366613,60,128,0,12,26123592.470542,52,108,2,1,22277743.545201,93,152,0,1,39385296.230612,24,88,0,1,24610952.395053,
19,1552384432,0.400000,7,60,0,1,24597489.011110,28,180,0,1,20937086.290298,30,164,0,1,21885458.395435,43,180,0,1,19812020.592995,13,180,0,1,20295667.877756,15,176,0,1,21364255.466489,5,116,0,1,24284143.260131,80,176,0,12,23559578.187755,78,144,0,12,24288857.120399,63,144,0,12,24732172.660236,86,140,0,12,25193518.227471,34,168,0,1,19497697.459221,44,160,0,1,19440706.764979,35,172,0,1,21517784.716303,33,128,2,1,22742703.508186,60,140,0,12,26123486.451744,52,108,2,1,22277709.220623,93,144,0,1,39385296.396389,24,88,0,1,24610812.775861,
19,1552384432,0.600000,7,60,0,1,24597616.580927,28,180,0,1,20937078.018895,30,160,0,1,21885557.294544,43,180,0,1,19812097.086025,13,180,0,1,20295670.617440,15,180,0,1,21364186.049522,5,116,0,1,24284283.586057,80,176,0,12,23559563.198018,78,144,0,12,24288926.781669,63,144,0,12,24732119.978028,86,128,0,12,25193603.279832,34,168,0,1,19497727.176941,44,160,0,1,19440653.454564,35,176,0,1,21517662.329201,33,108,2,1,22742873.508208,60,140,0,12,26123380.432946,52,108,0,1,22277678.717642,93,144,0,1,39385296.710493,24,88,0,1,24610672.118381,
19,1552384432,0.800000,7,60,0,1,24597745.825964,28,180,0,1,20937069.703866,30,160,0,1,21885656.176203,43,180,0,1,19812173.526703,13,180,0,1,20295673.234973,15,172,0,1,21364116.562755,5,116,0,1,24284423.720031,80,172,0,12,23559548.007603,78,144,0,12,24288996.460388,63,144,0,12,24732066.981717,86,128,0,12,25193692.118891,34,172,0,1,19497756.824861,44,160,0,1,19440600.196499,35,176,0,1,21517539.950824,33,128,2,1,22743041.012848,60,140,0,12,26123274.754428,52,104,0,1,22277648.520041,93,144,0,1,39385296.980971,24,88,0,1,24610531.617953,
19,1552384433,0.000000,7,60,0,1,24597874.181041,28,184,0,1,20937061.519714,30,160,0,1,21885755.162563,43,180,0,1,19812250.098259,13,180,0,1,20295676.009557,15,172,0,1,21364046.918936,5,112,0,1,24284565.363448,80,168,0,12,23559532.625236,78,152,0,12,24289066.078032,63,144,0,12,24732014.360585,86,128,0,12,25193777.092726,34,172,0,1,19497786.525132,44,164,0,1,19440546.955885,35,176,0,1,21517417.546271,33,128,2,1,22743210.131633,60,148,0,12,26123168.866506,52,104,0,1,22277618.758694,93,152,0,1,39385297.155473,24,88,0,1,24610391.012823,
19,1552384433,0.200000,7,60,0,1,24598003.111975,28,184,0,1,20937053.178510,30,160,0,1,21885854.253625,43,176,0,1,19812326.634914,13,180,0,1,20295678.845218,15,172,0,1,21363977.344918,5,112,0,1,24284706.657861,80,168,0,12,23559517.085817,78,152,0,12,24289135.800377,63,140,0,12,24731961.442800,86,128,0,12,25193868.872146,34,168,0,1,19497816.111976,44,164,0,1,19440493.610570,35,176,0,1,21517295.150444,33,128,2,1,22743374.067704,60,148,0,12,26123063.214163,52,104,0,1,22277585.899934,93,144,0,1,39385297.399776,24,92,0,1,24610250.852674,
19,1552384433,0.400000,7,60,0,1,24598130.795218,28,184,0,1,20937044.950732,30,156,0,1,21885953.178909,43,176,0,1,19812403.171569,13,180,0,1,20295681.619802,15,172,0,1,21363907.831976,5,108,0,1,24284847.969724,80,172,0,12,23559502.165881,78,152,0,12,24289205.531447,63,144,0,12,24731908.725692,86,128,0,12,25193957.510527,34,168,0,1,19497845.820972,44,160,0,1,19440440.160553,35,176,0,1,21517172.667366,33,124,2,1,22743542.008599,60,148,0,12,26122957.579270,52,104,0,1,22277549.071250,93,132,0,1,39385297.504478,24,92,0,1,24610109.968341,
19,1552384433,0.600000,7,64,0,1,24598259.342247,28,180,0,1,20937036.688054,30,156,0,1,21886052.139094,43,176,0,1,19812479.795475,13,180,0,1,20295684.280961,15,172,0,1,21363838.371384,5,108,0,1,24284989.429914,80,172,0,12,23559486.992917,78,140,0,12,24289275.061839,63,144,0,12,24731856.122011,86,132,0,12,25194049.263772,34,168,0,1,19497875.538693,44,160,0,1,19440386.780337,35,176,0,1,21517050.210463,33,124,2,1,22743709.068259,60,144,0,12,26122852.136329,52,100,0,1,22277514.685596,93,144,0,1,39385297.705155,24,92,0,1,24609969.686041,
19,1552384433,0.800000,7,64,0,1,24598387.880551,28,180,0,1,20937028.329400,30,160,0,1,21886151.151629,43,176,0,1,19812556.349580,13,180,0,1,20295686.985744,15,172,0,1,21363768.779916,5,112,0,1,24285130.305522,80,172,0,12,23559472.116606,78,144,0,12,24289344.566057,63,144,0,12,24731803.457254,86,132,0,12,25194139.769327,34,164,0,1,19497905.169162,44,160,0,1,19440333.365220,35,176,0,1,21516927.683759,33,120,2,1,22743876.825927,60,132,0,12,26122746.309484,52,100,0,1,22277481.329504,93,144,0,1,39385297.905833,24,92,0,1,24609829.316489,
19,1552384434,0.000000,7,68,0,1,24598515.642320,28,184,0,1,20937020.092897,30,164,0,1,21886250.129264,43,176,0,1,19812632.929861,13,180,0,1,20295689.646903,15,168,0,1,21363699.336774,5,108,0,1,24285272.690574,80,172,0,12,23559456.742964,78,144,0,12,24289414.314577,63,144,0,12,24731750.617994,86,132,0,12,25194227.011690,34,164,0,1,19497934.851983,44,160,0,1,19440279.923928,35,176,0,1,21516805.200681,33,120,2,1,22744044.784273,60,148,0,12,26122640.360487,52,100,0,1,22277448.270067,93,132,0,1,39385298.001809,24,92,0,1,24609689.828174,
19,1552384434,0.200000,7,68,0,1,24598643.569866,28,184,0,1,20937011.891295,30,164,0,1,21886349.246501,43,176,0,1,19812709.588667,13,180,0,1,20295692.421487,15,176,0,1,21363629.850007,5,108,0,1,24285413.880286,80,172,0,12,23559441.596175,78,144,0,12,24289484.002021,63,144,0,12,24731697.778735,86,132,0,12,25194311.898274,34,168,0,1,19497964.438827,44,164,0,1,19440226.500087,35,176,0,1,21516682.717602,33,120,2,1,22744210.604967,60,144,0,12,26122534.481291,52,100,0,1,22277415.472383,93,144,0,1,39385298.368263,24,92,0,1,24609549.423722,
19,1552384434,0.400000,7,72,0,1,24598772.300123,28,184,0,1,20937003.593716,30,164,0,1,21886448.145610,43,176,0,1,19812786.099147,13,180,0,1,20295695.091371,15,172,0,1,21363560.310890,5,104,0,1,24285555.174699,80,172,0,12,23559426.501737,78,144,0,12,24289553.514964,63,144,0,12,24731644.965651,86,132,0,12,25194402.368928,34,164,0,1,19497994.173998,44,164,0,1,19440173.032619,35,168,0,1,21516560.077472,33,116,2,1,22744379.828453,60,136,0,12,26122428.584644,52,100,0,1,22277385.013028,93,144,0,1,39385298.551491,24,92,0,1,24609409.603852,
19,1552384434,0.600000,7,72,0,1,24598900.855877,28,184,0,1,20936995.357213,30,164,0,1,21886547.254122,43,176,0,1,19812862.661977,13,180,0,1,20295697.865955,15,168,0,1,21363490.885198,5,104,0,1,24285694.383811,80,172,0,12,23559411.337498,78,144,0,12,24289623.158783,63,152,0,12,24731592.536472,86,116,0,12,25194483.678218,34,168,0,1,19498023.752117,44,160,0,1,19440119.669854,35,172,0,1,21516437.751446,33,116,2,1,22744547.350544,60,144,0,12,26122322.644372,52,100,0,1,22277349.274982,93,148,0,1,39385298.586391,24,92,0,1,24609270.115537,
19,1552384434,0.800000,7,76,0,1,24599027.666609,28,184,0,1,20936987.146886,30,164,0,1,21886646.432434,43,180,0,1,19812939.233533,13,180,0,1,20295700.596914,15,176,0,1,21363421.407156,5,104,0,1,24285834.369457,80,172,0,12,23559396.094733,78,144,0,12,24289692.715351,63,140,0,12,24731539.767013,86,132,0,12,25194567.910419,34,168,0,1,19498053.347686,44,160,0,1,19440066.376889,35,172,0,1,21516315.416694,33,116,2,1,22744714.418928,60,136,0,12,26122216.625575,52,104,0,1,22277319.522360,93,148,0,1,39385298.734718,24,92,0,1,24609130.077539,
19,1552384435,0.000000,7,76,0,1,24599155.681406,28,184,0,1,20936979.093610,30,164,0,1,21886745.575846,43,180,0,1,19813015.918515,13,180,0,1,20295703.362774,15,168,0,1,21363351.929114,5,100,0,1,24285974.285303,80,172,0,12,23559381.035195,78,144,0,12,24289762.315544,63,148,0,12,24731487.067356,86,132,0,12,25194654.079594,34,164,0,1,19498083.030507,44,160,0,1,19440012.865796,35,172,0,1,21516193.143018,33,116,2,1,22744881.757791,60,144,0,12,26122110.859805,52,104,0,1,22277285.154157,93,148,0,1,39385298.874320,24,96,0,1,24608989.891215,
19,1552384435,0.200000,7,76,0,1,24599283.155247,28,184,0,1,20936971.005434,30,164,0,1,21886844.780334,43,180,0,1,19813092.498795,13,180,0,1,20295706.015207,15,168,0,1,21363282.503423,5,100,0,1,24286113.476965,80,172,0,12,23559365.731354,78,144,0,12,24289831.924463,63,148,0,12,24731434.376423,86,132,0,12,25194749.130930,34,164,0,1,19498112.713327,44,160,0,1,19439959.537931,35,172,0,1,21516070.790817,33,116,2,1,22745049.751037,60,144,0,12,26122004.998059,52,104,0,1,22277251.021531,93,144,0,1,39385298.917945,24,96,0,1,24608849.888118,
19,1552384435,0.400000,7,80,0,1,24599410.419685,28,184,0,1,20936962.864908,30,164,0,1,21886944.019722,43,180,0,1,19813169.018000,13,180,0,1,20295708.894493,15,168,0,1,21363212.929405,5,104,0,1,24286253.610938,80,172,0,12,23559350.610740,78,144,0,12,24289901.507206,63,148,0,12,24731381.659316,86,128,0,12,25194834.165841,34,164,0,1,19498142.431048,44,160,0,1,19439906.140264,35,172,0,1,21515948.333914,33,116,2,1,22745217.473805,60,144,0,12,26121899.267190,52,104,0,1,22277220.178271,93,148,0,1,39385299.022647,24,100,0,1,24608710.774982,
20,1552384435,0.600000,7,76,0,1,24599538.321056,28,184,0,1,20936954.672031,30,164,0,1,21887042.997357,43,180,0,1,19813245.563380,13,180,0,1,20295711.599277,15,168,0,1,21363143.512439,5,104,0,1,24286393.666386,80,172,0,12,23559335.402875,78,144,0,12,24289971.168475,63,148,0,12,24731328.767706,86,128,0,12,25194921.678683,34,168,0,1,19498172.148769,44,160,0,1,19439852.698972,35,172,0,1,21515825.946812,33,116,2,1,22745384.306612,60,152,0,12,26121793.483970,52,104,0,1,22277186.499351,93,136,0,1,39385299.057547,24,100,0,1,24608570.213479,11,92,0,1,25259304.756315,
20,1552384435,0.800000,7,76,0,1,24599667.653345,28,184,0,1,20936946.418078,30,164,0,1,21887142.036068,43,180,0,1,19813322.056409,13,180,0,1,20295714.400036,15,168,0,1,21363074.008222,5,104,0,1,24286533.268128,80,172,0,12,23559320.282262,78,144,0,12,24290041.012972,63,148,0,12,24731276.242550,86,128,0,12,25195011.686906,34,168,0,1,19498201.831589,44,160,0,1,19439799.248955,35,168,0,1,21515703.446283,33,112,2,1,22745552.893165,60,140,0,12,26121687.517522,52,104,3,1,22277155.193660,93,144,0,1,39385299.092447,24,100,0,1,24608430.812414,11,92,0,1,25259204.373937,
20,1552384436,0.000000,7,76,0,1,24599795.711767,28,184,0,1,20936938.129224,30,164,0,1,21887241.249281,43,180,0,1,19813398.645415,13,180,0,1,20295717.113545,15,168,0,1,21363004.373128,5,100,0,1,24286673.192699,80,172,0,12,23559304.873719,78,148,0,12,24290110.787667,63,148,0,12,24731223.542893,86,128,0,12,25195100.665566,34,168,0,1,19498231.453334,44,160,0,1,19439745.807664,35,168,0,1,21515581.033006,33,112,2,1,22745718.600433,60,140,0,12,26121581.751753,52,104,2,1,22277120.502627,93,136,0,1,39385299.144798,24,100,0,1,24608290.399237,11,92,0,1,25259103.904309,
20,1552384436,0.200000,7,76,0,1,24599924.965530,28,184,0,1,20936929.883996,30,164,0,1,21887340.375243,43,180,0,1,19813475.129719,13,180,0,1,20295719.966656,15,168,0,1,21362934.947436,5,100,0,1,24286812.934043,80,172,0,12,23559289.761831,78,144,0,12,24290180.169733,63,148,0,12,24731170.834510,86,128,0,12,25195192.444987,34,168,0,1,19498261.153604,44,160,0,1,19439692.505974,35,168,0,1,21515458.567378,33,112,2,1,22745887.588342,60,144,0,12,26121476.012158,52,104,2,1,22277085.026334,93,148,0,1,39385299.371651,24,100,0,1,24608150.204188,11,92,0,1,25259003.565557,
20,1552384436,0.400000,7,76,0,1,24600052.832001,28,184,0,1,20936921.638768,30,164,0,1,21887439.370328,43,180,0,1,19813551.788526,13,176,0,1,20295722.688890,15,168,0,1,21362865.547920,5,100,0,1,24286953.835826,80,172,0,12,23559274.457990,78,144,0,12,24290249.944429,63,148,0,12,24731118.152303,86,128,0,12,25195276.860415,34,168,0,1,19498290.914951,44,160,0,1,19439639.029781,35,168,0,1,21515336.154100,33,112,2,1,22746054.691627,60,144,0,12,26121370.263839,52,104,2,1,22277050.658131,93,136,0,1,39385299.310575,24,100,0,1,24608008.761448,11,92,0,1,25258902.572422,
20,1552384436,0.600000,7,76,0,1,24600181.317954,28,184,0,1,20936913.690194,30,164,0,1,21887538.548641,43,180,0,1,19813628.482233,13,180,0,1,20295725.384949,15,168,0,1,21362796.078604,5,96,0,1,24287093.638245,80,172,0,12,23559259.468253,78,144,0,12,24290319.596973,63,148,0,12,24731065.365394,86,132,0,12,25195365.865251,34,168,0,1,19498320.554145,44,160,0,1,19439585.623390,35,168,0,1,21515213.740823,33,112,2,1,22746221.332481,60,144,0,12,26121264.436993,52,104,2,1,22277016.604031,93,136,0,1,39385299.310575,24,100,0,1,24607867.711338,11,92,0,1,25258802.303470,
20,1552384436,0.800000,7,80,0,1,24600309.559604,28,184,0,1,20936905.444966,30,164,0,1,21887637.700778,43,180,0,1,19813705.132314,13,180,0,1,20295728.098457,15,168,0,1,21362726.478410,5,96,0,1,24287232.882258,80,172,0,12,23559244.338914,78,144,0,12,24290389.450194,63,148,0,12,24731012.482509,86,132,0,12,25195454.285504,34,168,0,1,19498350.280591,44,160,0,1,19439532.077397,35,168,0,1,21515091.205394,33,112,2,1,22746390.521067,60,144,0,12,26121158.915527,52,104,2,1,22276985.027862,93,140,0,1,39385299.389101,24,100,0,1,24607727.987445,11,92,0,1,25258700.795554,
21,1552384437,0.000000,8,108,0,1,24043937.775929,7,80,0,1,24600438.246235,28,184,0,1,20936897.243364,30,164,0,1,21887736.879090,43,180,0,1,19813781.721320,13,180,0,1,20295730.951568,15,168,0,1,21362656.974193,5,96,0,1,24287373.277984,80,172,0,12,23559228.834396,78,144,0,12,24290459.059113,63,148,0,12,24730959.957354,86,132,0,12,25195542.243326,34,168,0,1,19498380.007037,44,160,0,1,19439478.609930,35,168,0,1,21514968.818292,33,112,2,1,22746558.924393,60,144,0,12,26121053.045056,52,100,0,1,22276952.666433,93,140,0,1,39385299.458902,24,96,0,1,24607587.190363,11,92,0,1,25258601.041384,
21,1552384437,0.200000,8,112,0,1,24044007.271421,7,84,0,1,24600567.273145,28,184,0,1,20936889.172638,30,164,0,1,21887835.909076,43,180,0,1,19813858.249250,13,180,0,1,20295733.647627,15,168,0,1,21362587.426350,5,92,0,1,24287513.420683,80,172,0,12,23559213.862109,78,144,0,12,24290528.537155,63,148,0,12,24730907.283872,86,136,0,12,25195631.937446,34,168,0,1,19498409.689858,44,160,0,1,19439425.334415,35,168,0,1,21514846.457365,33,112,2,1,22746725.207518,60,144,0,12,26120947.445063,52,100,0,1,22276921.927874,93,140,0,1,39385299.493802,24,96,0,1,24607446.332205,11,96,0,1,25258499.865022,
21,1552384437,0.400000,8,112,0,1,24044071.776151,7,84,0,1,24600696.108102,28,184,0,1,20936880.875060,30,164,0,1,21887935.104839,43,180,0,1,19813934.794630,13,180,0,1,20295736.317510,15,168,0,1,21362517.852332,5,92,0,1,24287652.376767,80,172,0,12,23559198.593168,78,144,0,12,24290598.320576,63,148,0,12,24730854.610389,86,136,0,12,25195720.218097,34,168,0,1,19498439.529730,44,160,0,1,19439371.997824,35,168,0,1,21514723.965561,33,112,2,1,22746895.076663,60,140,0,12,26120841.644393,52,100,0,1,22276887.795248,93,140,0,1,39385299.607229,24,96,0,1,24607305.823052,11,96,0,1,25258398.679934,
20,1552384437,0.600000,8,116,0,1,24044147.946351,7,84,0,1,24600825.196088,28,184,0,1,20936872.717083,30,164,0,1,21888034.239526,43,180,0,1,19814011.409811,13,180,0,1,20295739.135720,15,168,0,1,21362448.417916,5,88,0,1,24287792.493290,80,172,0,12,23559183.332953,78,144,0,12,24290667.842243,63,148,0,12,24730802.146310,86,136,0,12,25195804.031493,34,168,0,1,19498469.264901,44,160,0,1,19439318.661234,35,168,0,1,21514601.552284,33,112,2,1,22747064.186723,60,140,0,12,26120735.834998,52,100,0,1,22276852.964614,93,140,0,1,39385299.694480,24,96,0,1,24607165.872306,
20,1552384437,0.800000,8,116,0,1,24044218.445231,7,84,0,1,24600953.411563,28,184,0,1,20936864.585281,30,164,0,1,21888133.382938,43,180,0,1,19814087.946466,13,180,0,1,20295741.901580,15,168,0,1,21362378.948599,5,88,0,1,24287932.592363,80,172,0,12,23559168.046562,78,144,0,12,24290737.206859,63,148,0,12,24730749.577529,86,136,0,12,25195897.119679,34,168,0,1,19498499.017522,44,160,0,1,19439265.202492,35,168,0,1,21514479.182632,33,108,2,1,22747229.483911,60,140,0,12,26120630.173929,52,100,0,1,22276819.879001,93,140,0,1,39385299.834082,24,96,0,1,24607026.680644,
20,1552384438,0.000000,8,120,0,1,24044288.054150,7,88,0,1,24601081.496161,28,184,0,1,20936856.514556,30,164,0,1,21888232.631051,43,180,0,1,19814164.422045,13,180,0,1,20295744.807041,15,168,0,1,21362309.435656,5,88,0,1,24288072.752512,80,172,0,12,23559153.135351,78,144,0,12,24290806.929204,63,148,0,12,24730697.383927,86,132,0,12,25195984.449294,34,168,0,1,19498528.778869,44,160,0,1,19439211.883351,35,168,0,1,21514356.717004,33,108,2,1,22747395.950263,60,140,0,12,26120524.565211,52,100,0,1,22276789.035741,93,140,0,1,39385299.886432,24,92,0,1,24606886.686272,
20,1552384438,0.200000,8,120,0,1,24044355.342189,7,88,0,1,24601210.514346,28,184,0,1,20936848.417655,30,164,0,1,21888331.887890,43,180,0,1,19814241.203003,13,180,0,1,20295747.773578,15,168,0,1,21362239.948889,5,88,0,1,24288212.520031,80,172,0,12,23559137.962387,78,144,0,12,24290876.398520,63,144,0,12,24730644.788971,86,132,0,12,25196072.843372,34,168,0,1,19498558.505315,44,160,0,1,19439158.511860,35,168,0,1,21514234.260101,33,108,1,1,22747564.083111,60,140,0,12,26120418.747091,52,100,0,1,22276756.569611,93,140,0,1,39385299.964958,24,92,0,1,24606746.674450,
20,1552384438,0.400000,8,120,3,1,24044422.534253,7,88,0,1,24601338.747271,28,184,0,1,20936840.416730,30,164,0,1,21888430.944051,43,180,0,1,19814317.870535,13,180,0,1,20295750.565613,15,168,0,1,21362170.479573,5,88,0,1,24288352.008347,80,172,0,12,23559122.859223,78,144,0,12,24290946.103415,63,144,0,12,24730592.106764,86,136,0,12,25196159.885058,34,164,0,1,19498588.188135,44,160,0,1,19439105.122919,35,168,0,1,21514111.881724,33,108,0,1,22747733.943530,60,140,0,12,26120312.737018,52,96,0,1,22276724.373959,93,140,0,1,39385299.999859,24,92,0,1,24606606.714979,
20,1552384438,0.600000,8,124,2,1,24044486.707428,7,88,0,1,24601467.145973,28,184,0,1,20936832.293654,30,164,0,1,21888530.078738,43,180,0,1,19814394.529341,13,180,0,1,20295753.200596,15,168,0,1,21362100.870654,5,84,0,1,24288491.522838,80,172,0,12,23559107.651359,78,144,0,12,24291015.747234,63,148,0,12,24730539.555433,86,136,0,12,25196247.781805,34,164,0,1,19498617.853505,44,160,0,1,19439051.733978,35,168,0,1,21513989.477172,33,108,0,1,22747902.146179,60,140,0,12,26120206.945073,52,96,0,1,22276691.611175,93,140,0,1,39385300.130735,24,92,0,1,24606466.109849,
20,1552384438,0.800000,8,124,2,1,24044556.080769,7,92,0,1,24601595.597026,28,184,0,1,20936823.934999,30,164,0,1,21888629.195975,43,180,0,1,19814471.205598,13,180,0,1,20295756.140957,15,168,0,1,21362031.462413,5,80,0,1,24288632.415896,80,172,0,12,23559092.513295,78,144,0,12,24291085.260177,63,148,0,12,24730486.890676,86,136,0,12,25196336.289309,34,164,0,1,19498647.475250,44,160,0,1,19438998.423563,35,168,0,1,21513867.177321,33,108,0,1,22748069.938748,60,140,0,12,26120101.144403,52,96,0,1,22276659.066519,93,140,0,1,39385300.148186,24,92,0,1,24606325.626871,
20,1552384439,0.000000,8,120,2,1,24044622.801677,7,92,0,1,24601725.287044,28,184,0,1,20936815.838098,30,164,0,1,21888728.348112,43,184,0,1,19814547.864405,13,180,0,1,20295758.924267,15,168,0,1,21361961.940745,5,80,0,1,24288773.727759,80,172,0,12,23559077.314155,78,144,0,12,24291154.886545,63,148,0,12,24730434.382971,86,136,0,12,25196425.041117,34,164,0,1,19498677.332572,44,156,0,1,19438945.165498,35,168,0,1,21513744.702967,33,108,0,1,22748237.050758,60,140,0,12,26119995.509510,52,96,0,1,22276627.298398,93,140,0,1,39385300.200536,24,92,0,1,24606186.374134,
20,1552384439,0.200000,8,120,2,1,24044692.279718,7,92,0,1,24601854.453556,28,184,0,1,20936807.549245,30,164,0,1,21888827.692201,43,184,0,1,19814624.584287,13,180,0,1,20295761.690127,15,168,0,1,21361892.366727,5,76,0,1,24288914.760419,80,172,0,12,23559062.324418,78,144,0,12,24291224.512914,63,148,0,12,24730381.587337,86,136,0,12,25196514.368781,34,164,0,1,19498707.015393,44,156,0,1,19438891.759107,35,168,0,1,21513622.324590,33,108,0,1,22748404.424521,60,140,0,12,26119889.682665,52,100,0,1,22276594.936969,93,148,0,1,39385300.401214,24,92,0,1,24606046.213985,
20,1552384439,0.400000,8,116,2,1,24044762.612821,7,92,0,1,24601983.148912,28,184,0,1,20936799.426168,30,164,0,1,21888926.887964,43,184,0,1,19814701.129667,13,180,0,1,20295764.482161,15,168,0,1,21361822.862510,5,76,0,1,24289054.859492,80,172,0,12,23559047.064203,78,144,0,12,24291294.409761,63,148,0,12,24730328.817879,86,136,0,12,25196600.633933,34,164,0,1,19498736.829090,44,156,0,1,19438838.274190,35,168,0,1,21513499.885138,33,108,0,1,22748572.871473,60,140,0,12,26119783.733668,52,96,0,1,22276563.570203,93,148,0,1,39385300.610616,24,96,0,1,24605906.062561,
20,1552384439,0.600000,8,116,2,1,24044835.388954,7,96,0,1,24602112.612077,28,184,0,1,20936791.250741,30,168,0,1,21889025.987751,43,184,0,1,19814777.901900,13,180,0,1,20295767.326547,15,168,0,1,21361753.393193,5,72,0,1,24289194.627011,80,172,0,12,23559031.995940,78,144,0,12,24291364.149557,63,148,0,12,24730276.379974,86,136,0,12,25196688.548130,34,164,0,1,19498766.651512,44,156,0,1,19438785.024850,35,168,0,1,21513377.515486,33,108,0,1,22748740.960695,60,140,0,12,26119678.002798,52,96,0,1,22276530.947021,93,148,0,1,39385300.767668,24,96,0,1,24605766.085639,
20,1552384439,0.800000,8,116,2,1,24044904.997873,7,96,0,1,24602239.893965,28,184,0,1,20936782.909537,30,164,0,1,21889125.244589,43,184,0,1,19814854.621782,13,180,0,1,20295770.040056,15,168,0,1,21361683.888976,5,72,0,1,24289334.289828,80,172,0,12,23559016.962577,78,144,0,12,24291433.802101,63,148,0,12,24730223.767568,86,136,0,12,25196777.762368,34,164,0,1,19498796.465209,44,156,0,1,19438731.696985,35,168,0,1,21513255.189459,33,108,0,1,22748908.090156,60,140,0,12,26119572.175953,52,96,0,1,22276499.423202,93,144,0,1,39385300.933445,24,96,0,1,24605625.236207,
20,1552384440,0.000000,8,112,2,1,24044971.832207,7,96,0,1,24602369.130278,28,184,0,1,20936774.795186,30,164,0,1,21889224.475252,43,184,0,1,19814931.341665,13,180,0,1,20295772.849541,15,168,0,1,21361614.550536,5,76,0,1,24289474.685555,80,172,0,12,23559001.972840,78,144,0,12,24291503.489545,63,148,0,12,24730171.006834,86,136,0,12,25196864.681902,34,164,0,1,19498826.252730,44,160,0,1,19438678.325494,35,168,0,1,21513132.828533,33,108,0,1,22749074.190053,60,140,0,12,26119466.497434,52,96,0,1,22276467.742332,93,144,0,1,39385301.020697,24,96,0,1,24605485.041158,
20,1552384440,0.200000,8,112,2,1,24045033.309324,7,96,0,1,24602496.830971,28,184,0,1,20936766.654660,30,164,0,1,21889323.618664,43,184,0,1,19815007.939395,13,180,0,1,20295775.676476,15,168,0,1,21361545.063769,5,76,0,1,24289614.522875,80,172,0,12,23558986.826051,78,144,0,12,24291573.089739,63,148,0,12,24730118.385703,86,136,0,12,25196953.102156,34,164,0,1,19498855.996627,44,160,0,1,19438624.901652,35,168,0,1,21513010.362904,33,108,0,1,22749242.261826,60,140,0,12,26119360.801465,52,96,0,1,22276436.166163,93,144,0,1,39385301.003246,24,96,0,1,24605343.964872,
20,1552384440,0.400000,8,112,2,1,24045098.852342,7,96,0,1,24602625.980033,28,184,0,1,20936758.426882,30,164,0,1,21889422.718451,43,180,0,1,19815084.668003,13,180,0,1,20295778.372535,15,168,0,1,21361475.760229,5,76,0,1,24289754.072266,80,172,0,12,23558971.967191,78,144,0,12,24291642.567781,63,148,0,12,24730065.555169,86,136,0,12,25197039.637785,34,164,0,1,19498885.792873,44,160,0,1,19438571.451635,35,168,0,1,21512888.071779,33,108,0,1,22749409.129533,60,144,0,12,26119254.948444,52,96,0,1,22276403.237602,93,144,0,1,39385301.212649,24,100,0,1,24605204.581258,
20,1552384440,0.600000,8,112,2,1,24045167.431697,7,96,0,1,24602753.986105,28,184,0,1,20936750.434682,30,164,0,1,21889521.818238,43,180,0,1,19815161.335535,13,180,0,1,20295781.155844,15,168,0,1,21361406.317088,5,76,0,1,24289892.312891,80,172,0,12,23558956.881477,78,144,0,12,24291712.037097,63,144,0,12,24730012.846786,86,132,0,12,25197127.351305,34,164,0,1,19498915.641471,44,160,0,1,19438518.132495,35,168,0,1,21512765.702127,33,104,0,1,22749576.669073,60,144,0,12,26119149.348452,52,96,0,1,22276372.333267,93,144,0,1,39385301.334800,24,100,0,1,24605064.944616,
20,1552384440,0.800000,8,116,2,1,24045234.266031,7,100,0,1,24602882.445883,28,184,0,1,20936742.224355,30,164,0,1,21889620.996550,43,180,0,1,19815238.203744,13,180,0,1,20295784.139832,15,168,0,1,21361336.908846,5,76,0,1,24290031.696506,80,172,0,12,23558941.664887,78,144,0,12,24291781.628566,63,144,0,12,24729960.059877,86,120,0,12,25197212.464742,34,164,0,1,19498945.420267,44,160,0,1,19438464.926781,35,168,0,1,21512643.402276,33,104,0,1,22749745.290527,60,144,0,12,26119043.800810,52,96,0,1,22276341.193353,93,144,0,1,39385301.465677,24,100,0,1,24604925.656978,
20,1552384441,0.000000,8,116,2,1,24045300.472157,7,100,0,1,24603011.725821,28,184,0,1,20936734.066378,30,164,0,1,21889720.096337,43,180,0,1,19815315.010877,13,180,0,1,20295787.097644,15,168,0,1,21361267.526781,5,72,0,1,24290171.184821,80,172,0,12,23558926.718776,78,144,0,12,24291851.115333,63,144,0,12,24729907.456196,86,120,0,12,25197299.933958,34,164,0,1,19498975.120538,44,160,0,1,19438411.511665,35,168,0,1,21512521.006448,33,104,0,1,22749913.065646,60,144,0,12,26118938.026315,52,100,0,1,22276309.948738,93,152,0,1,39385301.605279,24,100,0,1,24604786.412965,
20,1552384441,0.200000,8,116,2,1,24045369.732072,7,96,0,1,24603141.686318,28,184,0,1,20936725.934576,30,164,0,1,21889819.361900,43,184,0,1,19815391.800560,13,180,0,1,20295789.994380,15,168,0,1,21361198.127265,5,72,0,1,24290310.411383,80,172,0,12,23558911.353859,78,144,0,12,24291920.698076,63,144,0,12,24729854.730363,86,124,0,12,25197388.938794,34,164,0,1,19499004.986586,44,160,0,1,19438358.279775,35,168,0,1,21512398.697872,33,104,0,1,22750081.032716,60,144,0,12,26118832.269270,52,100,0,1,22276278.913526,93,144,0,1,39385301.718705,24,100,0,1,24604646.933375,
20,1552384441,0.400000,8,116,2,1,24045440.911510,7,96,0,1,24603271.018607,28,184,0,1,20936717.497396,30,164,0,1,21889918.531488,43,180,0,1,19815468.441917,13,180,0,1,20295792.707889,15,168,0,1,21361128.806275,5,72,0,1,24290450.702409,80,172,0,12,23558896.093644,78,144,0,12,24291990.115042,63,144,0,12,24729802.275008,86,128,0,12,25197476.626138,34,164,0,1,19499034.843908,44,160,0,1,19438305.039161,35,164,0,1,21512276.424197,33,104,0,1,22750248.851460,60,144,0,12,26118726.451150,52,100,0,1,22276247.520584,93,144,0,1,39385301.797231,24,100,0,1,24604506.572548,
20,1552384441,0.600000,8,112,2,1,24045510.215049,7,96,0,1,24603399.713962,28,184,0,1,20936709.252168,30,164,0,1,21890017.718525,43,180,0,1,19815545.240325,13,180,0,1,20295795.473748,15,168,0,1,21361059.476560,5,72,0,1,24290591.307538,80,172,0,12,23558880.955580,78,144,0,12,24292059.811212,63,144,0,12,24729749.662602,86,128,0,12,25197564.487984,34,164,0,1,19499064.736131,44,160,0,1,19438251.859623,35,164,0,1,21512154.159246,33,104,0,1,22750416.652754,60,144,0,12,26118620.868608,52,100,0,1,22276216.127643,93,144,0,1,39385301.936833,24,100,0,1,24604366.656703,
20,1552384441,0.800000,8,112,2,1,24045581.691141,7,96,0,1,24603528.749597,28,184,0,1,20936701.111642,30,164,0,1,21890116.896838,43,180,0,1,19815621.960207,13,180,0,1,20295798.187257,15,168,0,1,21360990.181745,5,72,0,1,24290730.865655,80,172,0,12,23558866.009468,78,140,0,12,24292129.411405,63,144,0,12,24729696.866968,86,132,0,12,25197652.524333,34,164,0,1,19499094.628354,44,160,0,1,19438198.662634,35,168,0,1,21512031.850670,33,104,0,1,22750584.794327,60,144,0,12,26118515.259890,52,100,0,1,22276185.022629,93,152,0,1,39385302.076435,24,100,0,1,24604227.587192,
20,1552384442,0.000000,8,108,2,1,24045652.041694,7,96,0,1,24603656.746945,28,184,0,1,20936692.918764,30,164,0,1,21890216.214752,43,180,0,1,19815698.802241,13,180,0,1,20295800.778614,15,168,0,1,21360920.782229,5,72,0,1,24290870.790226,80,172,0,12,23558851.072082,78,140,0,12,24292199.098850,63,144,0,12,24729644.071334,86,132,0,12,25197740.316378,34,164,0,1,19499124.433326,44,160,0,1,19438145.474370,35,176,0,1,21511909.550819,33,108,0,1,22750751.906337,60,152,0,12,26118409.642447,52,100,0,1,22276153.952517,93,152,0,1,39385302.242212,24,100,0,1,24604088.683459,
19,1552384442,0.200000,7,96,0,1,24603785.808755,28,184,0,1,20936684.856764,30,164,0,1,21890315.393065,43,180,0,1,19815775.574474,13,180,0,1,20295803.492123,15,168,0,1,21360851.417614,5,72,0,1,24291010.461768,80,172,0,12,23558835.960193,78,140,0,12,24292268.384939,63,144,0,12,24729591.467653,86,132,0,12,25197827.881571,34,164,0,1,19499154.142322,44,160,0,1,19438092.233756,35,176,0,1,21511787.189892,33,108,0,1,22750918.878746,60,140,0,12,26118304.103530,52,100,0,1,22276122.751527,93,144,0,1,39385302.329463,24,100,0,1,24603948.069605,
19,1552384442,0.400000,7,96,0,1,24603915.359171,28,184,0,1,20936676.611536,30,164,0,1,21890414.676078,43,180,0,1,19815852.233280,13,180,0,1,20295806.240532,15,168,0,1,21360782.052998,5,76,0,1,24291151.005822,80,176,0,12,23558820.769779,78,140,0,12,24292337.845531,63,144,0,12,24729538.663294,86,132,0,12,25197916.013896,34,164,0,1,19499184.025820,44,160,0,1,19438039.028042,35,164,0,1,21511664.890041,33,104,0,1,22751085.982031,60,148,0,12,26118198.573338,52,100,0,1,22276091.131733,93,144,0,1,39385302.399264,24,96,0,1,24603808.537664,
20,1552384442,0.600000,8,116,0,1,24045855.834062,7,96,0,1,24604043.435045,28,184,0,1,20936668.436109,30,164,0,1,21890513.784590,43,184,0,1,19815929.075314,13,180,0,1,20295809.119818,15,172,0,1,21360712.688383,5,76,0,1,24291291.113620,80,172,0,12,23558805.622990,78,140,0,12,24292407.445725,63,140,0,12,24729485.998537,86,132,0,12,25198003.823391,34,164,0,1,19499213.883142,44,160,0,1,19437985.761252,35,144,0,1,21511542.642541,33,104,0,1,22751252.893364,60,148,0,12,26118092.938445,52,104,0,1,22276058.142096,93,144,0,1,39385302.495240,24,96,0,1,24603668.072136,
20,1552384442,0.800000,8,116,0,1,24045923.017400,7,100,0,1,24604173.474067,28,184,0,1,20936660.217056,30,164,0,1,21890613.041429,43,184,0,1,19816005.769021,13,180,0,1,20295812.095080,15,168,0,1,21360643.297592,5,80,0,1,24291430.296557,80,172,0,12,23558790.415125,78,140,0,12,24292477.298946,63,140,0,12,24729433.612983,86,132,0,12,25198091.816114,34,164,0,1,19499243.705564,44,160,0,1,19437932.572989,35,132,0,1,21511420.368865,33,104,0,1,22751420.511430,60,148,0,12,26117987.067974,52,104,0,1,22276027.229035,93,144,0,1,39385302.626117,24,96,0,1,24603528.304617,
20,1552384443,0.000000,8,116,0,1,24045987.853684,7,100,0,1,24604302.736555,28,184,0,1,20936652.155056,30,160,0,1,21890712.176116,43,184,0,1,19816082.497629,13,180,0,1,20295815.183769,15,168,0,1,21360574.020227,5,80,0,1,24291569.697621,80,172,0,12,23558775.346862,78,140,0,12,24292546.846789,63,140,0,12,24729380.878425,86,132,0,12,25198179.634335,34,164,0,1,19499273.484361,44,160,0,1,19437879.288749,35,132,0,1,21511298.086464,33,104,0,1,22751588.661728,60,148,0,12,26117881.328380,52,104,0,1,22275995.190436,93,144,0,1,39385302.617391,24,96,0,1,24603388.048492,
20,1552384443,0.200000,8,116,0,1,24046055.560529,7,100,0,1,24604431.903067,28,184,0,1,20936644.101780,30,160,0,1,21890811.424229,43,184,0,1,19816159.217511,13,180,0,1,20295818.132856,15,168,0,1,21360504.707962,5,80,0,1,24291709.796694,80,172,0,12,23558760.435651,78,140,0,12,24292616.403357,63,140,0,12,24729328.239844,86,136,0,12,25198267.766660,34,164,0,1,19499303.402759,44,160,0,1,19437826.144111,35,136,0,1,21511175.786613,33,100,0,1,22751756.018042,60,148,0,12,26117775.806913,52,104,0,1,22275963.649167,93,144,0,1,39385302.704643,24,96,0,1,24603248.455475,
20,1552384443,0.400000,8,116,3,1,24046129.025946,7,100,0,1,24604560.781650,28,180,0,1,20936635.891453,30,168,0,1,21890910.768318,43,180,0,1,19816235.911218,13,180,0,1,20295820.994692,15,168,0,1,21360435.448048,5,84,0,1,24291850.794454,80,172,0,12,23558745.140535,78,140,0,12,24292685.890124,63,140,0,12,24729275.924091,86,136,0,12,25198355.384203,34,164,0,1,19499333.216456,44,160,0,1,19437772.938397,35,144,0,1,21511053.530388,33,100,0,1,22751922.641446,60,144,0,12,26117670.076044,52,104,0,1,22275933.172362,93,140,0,1,39385302.791894,24,92,0,1,24603109.289988,
20,1552384443,0.600000,8,116,2,1,24046196.148208,7,100,0,1,24604690.236090,28,180,0,1,20936627.838177,30,168,0,1,21891010.033882,43,180,0,1,19816312.727076,13,180,0,1,20295823.943778,15,168,0,1,21360366.144508,5,88,0,1,24291991.949265,80,172,0,12,23558730.325300,78,140,0,12,24292755.586294,63,144,0,12,24729223.477461,86,136,0,12,25198443.184974,34,164,0,1,19499363.047603,44,160,0,1,19437719.837384,35,144,0,1,21510931.221811,33,96,0,1,22752090.739393,60,144,0,12,26117564.318999,52,104,0,1,22275901.936472,93,144,0,1,39385302.931495,24,92,0,1,24602969.025138,
20,1552384443,0.800000,8,116,2,1,24046263.549674,7,100,0,1,24604818.669693,28,180,0,1,20936619.636575,30,168,0,1,21891109.194744,43,180,0,1,19816389.324807,13,180,0,1,20295826.927766,15,164,0,1,21360296.666467,5,88,0,1,24292131.297979,80,172,0,12,23558715.195962,78,140,0,12,24292825.256288,63,144,0,12,24729170.769079,86,136,0,12,25198531.090445,34,164,0,1,19499393.018352,44,160,0,1,19437666.666571,35,144,0,1,21510808.948136,33,96,0,1,22752258.531962,60,144,0,12,26117458.465978,52,104,0,1,22275870.848909,93,144,0,1,39385302.914045,24,92,0,1,24602829.746225,
20,1552384444,0.000000,8,116,2,1,24046326.361733,7,100,0,1,24604948.202659,28,184,0,1,20936611.548399,30,168,0,1,21891208.442858,43,180,0,1,19816466.062140,13,180,0,1,20295829.754701,15,164,0,1,21360227.284401,5,88,0,1,24292271.187649,80,172,0,12,23558700.136424,78,140,0,12,24292894.804131,63,144,0,12,24729118.243923,86,136,0,12,25198618.751614,34,164,0,1,19499422.989101,44,160,0,1,19437613.452132,35,140,0,1,21510686.630834,33,100,0,1,22752425.504370,60,144,0,12,26117352.804910,52,104,0,1,22275840.101626,93,140,0,1,39385302.992571,24,92,0,1,24602690.528388,
20,1552384444,0.200000,8,116,2,1,24046395.229017,7,104,0,1,24605077.500047,28,184,0,1,20936603.451498,30,168,0,1,21891307.682246,43,180,0,1,19816542.712221,13,180,0,1,20295832.677612,15,160,0,1,21360158.129188,5,92,0,1,24292412.159233,80,172,0,12,23558685.033260,78,140,0,12,24292964.474125,63,144,0,12,24729065.474465,86,136,0,12,25198706.665811,34,164,0,1,19499452.890049,44,160,0,1,19437560.307493,35,156,0,1,21510564.374609,33,100,0,1,22752591.621718,60,144,0,12,26117247.056590,52,100,0,1,22275808.638883,93,140,0,1,39385303.123448,24,92,0,1,24602550.507841,
20,1552384444,0.400000,8,116,2,1,24046467.403118,7,104,0,1,24605207.120265,28,184,0,1,20936595.319697,30,172,0,1,21891407.035061,43,180,0,1,19816619.327402,13,180,0,1,20295835.644149,15,160,0,1,21360088.956525,5,92,0,1,24292551.228744,80,172,0,12,23558669.991173,78,140,0,12,24293034.048143,63,144,0,12,24729013.141262,86,136,0,12,25198794.466582,34,164,0,1,19499482.860798,44,160,0,1,19437507.136680,35,168,0,1,21510442.074758,33,100,0,1,22752759.606239,60,144,0,12,26117141.264645,52,100,0,1,22275778.711760,93,140,0,1,39385303.219424,24,92,0,1,24602410.016138,
20,1552384444,0.600000,8,116,2,1,24046533.460917,7,104,0,1,24605336.330402,28,184,0,1,20936587.310047,30,168,0,1,21891506.309350,43,180,0,1,19816696.012384,13,180,0,1,20295838.532160,15,160,0,1,21360019.705336,5,88,0,1,24292691.737897,80,172,0,12,23558654.774583,78,140,0,12,24293103.875189,63,144,0,12,24728960.319453,86,136,0,12,25198882.119026,34,164,0,1,19499512.718121,44,160,0,1,19437453.965867,35,172,0,1,21510319.827258,33,100,0,1,22752927.198130,60,144,0,12,26117035.621027,52,100,0,1,22275746.010052,93,140,0,1,39385303.306675,24,92,0,1,24602270.013041,
20,1552384444,0.800000,8,116,2,1,24046600.836208,7,104,0,1,24605464.851256,28,184,0,1,20936579.527250,30,168,0,1,21891605.697065,43,180,0,1,19816772.706091,13,180,0,1,20295841.446347,15,164,0,1,21359950.401796,5,88,0,1,24292832.089998,80,172,0,12,23558639.540543,78,140,0,12,24293173.388132,63,144,0,12,24728907.803022,86,136,0,12,25198970.015772,34,164,0,1,19499542.680145,44,164,0,1,19437400.960830,35,172,0,1,21510197.640833,33,104,0,1,22753094.135638,60,144,0,12,26116929.663305,52,100,0,1,22275713.814400,93,140,0,1,39385303.376476,24,92,0,1,24602128.770979,
20,1552384445,0.000000,8,112,2,1,24046670.654529,7,104,0,1,24605594.506373,28,184,0,1,20936571.395448,30,168,0,1,21891704.936453,43,180,0,1,19816849.268921,13,180,0,1,20295844.351808,15,168,0,1,21359881.168057,5,92,0,1,24292970.854130,80,172,0,12,23558624.367578,78,140,0,12,24293243.232628,63,144,0,12,24728855.426194,86,136,0,12,25199057.877619,34,164,0,1,19499572.668344,44,164,0,1,19437347.851093,35,168,0,1,21510075.445683,33,100,0,1,22753261.744980,60,144,0,12,26116824.098213,52,100,0,1,22275682.072454,93,140,0,1,39385303.585879,24,92,0,1,24601988.567204,
20,1552384445,0.200000,8,112,2,1,24046737.331811,7,104,0,1,24605723.611809,28,184,0,1,20936563.411973,30,168,0,1,21891804.245642,43,180,0,1,19816925.936453,13,180,0,1,20295847.361971,15,168,0,1,21359811.908143,5,88,0,1,24293111.467984,80,172,0,12,23558609.212064,78,140,0,12,24293313.085850,63,144,0,12,24728802.953389,86,136,0,12,25199145.678389,34,164,0,1,19499602.717619,44,160,0,1,19437294.610478,35,168,0,1,21509953.224358,33,104,0,1,22753428.839540,60,144,0,12,26116718.253917,52,100,0,1,22275650.129830,93,140,0,1,39385303.638229,24,96,0,1,24601848.407055,
20,1552384445,0.400000,8,112,2,1,24046803.607738,7,104,0,1,24605853.240752,28,184,0,1,20936555.332523,30,168,0,1,21891903.380329,43,180,0,1,19817002.682510,13,180,0,1,20295850.433209,15,168,0,1,21359742.543527,5,88,0,1,24293250.825423,80,172,0,12,23558594.100176,78,140,0,12,24293382.904171,63,144,0,12,24728750.637636,86,136,0,12,25199233.540235,34,164,0,1,19499632.653468,44,160,0,1,19437241.509466,35,168,0,1,21509830.976858,33,104,0,1,22753595.489119,60,144,0,12,26116612.444522,52,100,0,1,22275619.085893,93,140,0,1,39385303.716755,24,96,0,1,24601708.752963,
20,1552384445,0.600000,8,112,2,1,24046874.900603,7,104,0,1,24605982.075709,28,184,0,1,20936547.235622,30,168,0,1,21892002.593542,43,180,0,1,19817079.306417,13,180,0,1,20295853.434646,15,168,0,1,21359673.405765,5,84,0,1,24293391.474178,80,172,0,12,23558579.232590,78,140,0,12,24293452.609066,63,144,0,12,24728698.156107,86,136,0,12,25199321.463158,34,164,0,1,19499662.475890,44,160,0,1,19437188.399728,35,168,0,1,21509708.755533,33,104,0,1,22753763.552166,60,144,0,12,26116506.460624,52,100,0,1,22275587.806377,93,140,0,1,39385303.865082,24,96,0,1,24601569.063970,
20,1552384445,0.800000,8,112,2,1,24046942.398045,7,108,0,1,24606111.617401,28,184,0,1,20936539.208521,30,164,0,1,21892101.859106,43,180,0,1,19817156.183351,13,180,0,1,20295856.497160,15,168,0,1,21359604.041149,5,84,0,1,24293531.913530,80,172,0,12,23558564.094526,78,140,0,12,24293522.209259,63,144,0,12,24728645.735652,86,136,0,12,25199409.438430,34,164,0,1,19499692.612416,44,164,0,1,19437135.377241,35,168,0,1,21509586.577833,33,100,0,1,22753930.254096,60,144,0,12,26116400.747205,52,100,0,1,22275555.654351,93,140,0,1,39385303.865082,24,96,0,1,24601430.107886,
20,1552384446,0.000000,8,112,2,1,24047011.212979,7,108,0,1,24606241.176542,28,184,0,1,20936531.120346,30,164,0,1,21892201.019968,43,180,0,1,19817232.920683,13,180,0,1,20295859.393896,15,168,0,1,21359534.711434,5,80,0,1,24293671.401846,80,172,0,12,23558548.947737,78,140,0,12,24293591.748377,63,144,0,12,24728593.446075,86,136,0,12,25199497.439878,34,164,0,1,19499722.644240,44,164,0,1,19437082.250053,35,168,0,1,21509464.321608,33,100,0,1,22754098.203717,60,144,0,12,26116294.990161,52,100,0,1,22275524.287585,93,140,0,1,39385303.908708,24,100,0,1,24601290.602120,
20,1552384446,0.200000,8,112,2,1,24047081.589707,7,108,0,1,24606370.901461,28,184,0,1,20936522.988544,30,164,0,1,21892300.233181,43,180,0,1,19817309.649291,13,180,0,1,20295862.264456,15,168,0,1,21359465.521321,5,80,0,1,24293811.387493,80,172,0,12,23558534.115052,78,140,0,12,24293661.392196,63,144,0,12,24728540.894744,86,136,0,12,25199585.327900,34,164,0,1,19499752.536463,44,164,0,1,19437029.131591,35,168,0,1,21509342.030482,33,100,0,1,22754265.882859,60,144,0,12,26116189.276742,52,100,0,1,22275491.751654,93,140,0,1,39385303.926158,24,100,0,1,24601150.834601,
21,1552384446,0.400000,8,112,2,1,24047148.659619,7,108,0,1,24606499.928371,28,184,0,1,20936515.083595,30,164,0,1,21892399.490019,43,180,0,1,19817386.386623,13,180,0,1,20295865.213543,15,168,0,1,21359396.261407,5,80,0,1,24293951.512741,80,172,0,12,23558519.177666,78,140,0,12,24293731.053465,63,144,0,12,24728488.334688,86,136,0,12,25199673.311898,20,112,0,1,23941115.186108,34,164,0,1,19499782.481037,44,164,0,1,19436976.091654,35,168,0,1,21509219.800432,33,100,0,1,22754433.727778,60,144,0,12,26116083.772725,52,100,0,1,22275460.000983,93,140,0,1,39385303.969783,24,100,0,1,24601010.944931,
20,1552384446,0.600000,8,112,2,1,24047216.392639,7,108,0,1,24606629.103608,28,184,0,1,20936507.126296,30,164,0,1,21892498.773033,43,180,0,1,19817462.984354,13,180,0,1,20295868.214981,15,168,0,1,21359327.071293,5,76,0,1,24294092.030619,80,172,0,12,23558504.187929,78,140,0,12,24293800.557682,63,144,0,12,24728435.853159,86,136,0,12,25199761.322071,34,164,0,1,19499812.530312,44,164,0,1,19436922.938291,35,168,0,1,21509097.526756,33,100,0,1,22754600.464609,60,144,0,12,26115977.972055,52,100,0,1,22275428.101985,93,144,0,1,39385304.100660,24,100,0,1,24600870.531754,
20,1552384446,0.800000,8,112,2,1,24047284.474663,7,108,0,1,24606758.750001,28,184,0,1,20936499.160272,30,164,0,1,21892597.925170,43,180,0,1,19817539.739137,13,180,0,1,20295871.094267,15,168,0,1,21359257.846279,5,80,0,1,24294232.243119,80,172,0,12,23558489.285443,78,140,0,12,24293870.314928,63,144,0,12,24728383.232027,86,136,0,12,25199849.192642,34,164,0,1,19499842.605762,44,164,0,1,19436869.784927,35,168,0,1,21508975.287981,33,96,0,1,22754767.620245,60,144,0,12,26115872.293536,52,100,0,1,22275396.586891,93,144,0,1,39385304.126835,24,100,0,1,24600730.746785,
20,1552384447,0.000000,8,112,2,1,24047353.167445,7,108,0,1,24606887.803086,28,184,0,1,20936491.220423,30,164,0,1,21892697.138383,43,180,0,1,19817616.537545,13,180,0,1,20295873.912477,15,168,0,1,21359188.551465,5,76,0,1,24294372.952950,80,172,0,12,23558474.487658,78,140,0,12,24293940.089623,63,144,0,12,24728330.680696,86,136,0,12,25199937.255166,34,168,0,1,19499872.698663,44,164,0,1,19436816.640289,35,168,0,1,21508852.944504,33,96,0,1,22754934.435601,60,144,0,12,26115766.745894,52,96,0,1,22275364.827495,93,140,0,1,39385304.240262,24,100,0,1,24600591.179943,
20,1552384447,0.200000,8,112,2,1,24047422.409909,7,108,0,1,24607017.004498,28,184,0,1,20936483.219498,30,164,0,1,21892796.438847,43,180,0,1,19817693.397029,13,180,0,1,20295876.817938,15,168,0,1,21359119.204299,5,80,0,1,24294514.256088,80,172,0,12,23558459.445570,78,140,0,12,24294009.471689,63,148,0,12,24728278.024664,86,136,0,12,25200025.343865,34,168,0,1,19499902.817739,44,164,0,1,19436763.591627,35,168,0,1,21508730.810430,33,96,0,1,22755101.695938,60,144,0,12,26115661.145902,52,96,0,1,22275332.108337,93,140,0,1,39385304.248987,24,100,0,1,24600451.080870,
20,1552384447,0.400000,8,112,2,1,24047491.268469,7,108,0,1,24607146.362962,28,184,0,1,20936475.026621,30,164,0,1,21892895.625885,43,180,0,1,19817770.090736,13,180,0,1,20295879.566347,15,168,0,1,21359049.796058,5,80,0,1,24294655.157871,80,172,0,12,23558444.455833,78,140,0,12,24294079.071883,63,148,0,12,24728225.639111,86,136,0,12,25200113.101010,34,168,0,1,19499932.797213,44,164,0,1,19436710.551690,35,168,0,1,21508608.589105,33,96,0,1,22755268.415318,60,144,0,12,26115555.406307,52,96,0,1,22275300.165713,93,140,0,1,39385304.301337,24,100,0,1,24600311.007972,
20,1552384447,0.600000,8,112,2,1,24047560.249179,7,108,0,1,24607275.512024,28,184,0,1,20936466.955895,30,164,0,1,21892994.900174,43,180,0,1,19817846.828068,13,180,0,1,20295882.559060,15,168,0,1,21358980.553594,5,84,0,1,24294796.269057,80,172,0,12,23558429.535897,78,140,0,12,24294148.898929,63,148,0,12,24728173.017979,86,136,0,12,25200200.788355,34,168,0,1,19499962.820312,44,160,0,1,19436657.267451,35,168,0,1,21508486.350330,33,96,0,1,22755435.169599,60,140,0,12,26115449.841215,52,96,0,1,22275267.690858,93,144,0,1,39385304.283887,24,100,0,1,24600170.891449,
20,1552384447,0.800000,8,112,2,1,24047629.587619,7,104,0,1,24607404.713436,28,184,0,1,20936458.763018,30,164,0,1,21893094.191913,43,180,0,1,19817923.582851,13,180,0,1,20295885.604123,15,168,0,1,21358911.337306,5,84,0,1,24294936.036576,80,172,0,12,23558414.485084,78,140,0,12,24294218.385696,63,148,0,12,24728120.641150,86,136,0,12,25200288.798528,34,168,0,1,19499992.956838,44,160,0,1,19436604.157713,35,168,0,1,21508364.076654,33,96,0,1,22755602.072207,60,140,0,12,26115344.188872,52,96,0,1,22275235.399230,93,144,0,1,39385304.266437,24,100,0,1,24600032.031341,
20,1552384448,0.000000,8,112,2,1,24047698.952235,7,104,0,1,24607533.626919,28,184,0,1,20936450.884244,30,164,0,1,21893193.562178,43,180,0,1,19818000.294008,13,180,0,1,20295888.614285,15,168,0,1,21358842.077392,5,84,0,1,24295076.763857,80,172,0,12,23558399.416821,78,140,0,12,24294288.003340,63,148,0,12,24728068.447549,86,136,0,12,25200376.834876,34,168,0,1,19500023.163165,44,160,0,1,19436550.986899,35,168,0,1,21508241.942580,33,92,0,1,22755769.611747,60,140,0,12,26115238.414377,52,96,0,1,22275203.482782,93,144,0,1,39385304.327513,24,100,0,1,24599893.354461,
20,1552384448,0.200000,8,112,2,1,24047768.133623,7,104,0,1,24607663.011559,28,184,0,1,20936443.022921,30,164,0,1,21893292.932443,43,180,0,1,19818077.127317,13,180,0,1,20295891.641898,15,168,0,1,21358772.957079,5,84,0,1,24295217.918668,80,172,0,12,23558384.479435,78,140,0,12,24294357.568633,63,148,0,12,24728016.105621,86,136,0,12,25200464.722898,34,168,0,1,19500053.177540,44,160,0,1,19436497.789911,35,168,0,1,21508119.834682,33,92,0,1,22755936.898260,60,144,0,12,26115132.936536,52,96,0,1,22275171.505258,93,144,0,1,39385304.502015,24,100,0,1,24599753.325189,
20,1552384448,0.400000,8,112,2,1,24047837.550589,7,104,0,1,24607792.012293,28,184,0,1,20936435.135423,30,164,0,1,21893392.180556,43,180,0,1,19818153.890825,13,180,0,1,20295894.625885,15,168,0,1,21358703.697165,5,84,0,1,24295358.593598,80,172,0,12,23558369.367546,78,140,0,12,24294427.151376,63,148,0,12,24727963.440864,86,136,0,12,25200552.523668,34,168,0,1,19500083.375142,44,160,0,1,19436444.688898,35,168,0,1,21507997.561006,33,88,0,1,22756103.704891,60,144,0,12,26115027.284193,52,96,0,1,22275138.576697,93,144,0,1,39385304.606716,24,100,0,1,24599614.325479,
20,1552384448,0.600000,8,112,2,1,24047907.630664,7,104,0,1,24607920.829801,28,184,0,1,20936426.977446,30,164,0,1,21893491.489745,43,180,0,1,19818230.610707,13,180,0,1,20295897.636048,15,168,0,1,21358634.402350,5,88,0,1,24295499.739684,80,172,0,12,23558354.491236,78,140,0,12,24294496.978422,63,148,0,12,24727910.880808,86,136,0,12,25200640.376790,34,168,0,1,19500113.433142,44,160,0,1,19436391.535535,35,168,0,1,21507875.357131,33,88,0,1,22756271.008854,60,144,0,12,26114921.658025,52,92,0,1,22275107.070329,93,144,0,1,39385304.789944,24,100,0,1,24599474.261306,
20,1552384448,0.800000,8,112,2,1,24047976.576474,7,104,0,1,24608050.162090,28,184,0,1,20936418.967796,30,168,0,1,21893590.816384,43,180,0,1,19818307.313139,13,180,0,1,20295900.750912,15,168,0,1,21358565.098810,5,84,0,1,24295639.620630,80,172,0,12,23558339.344447,78,140,0,12,24294566.770568,63,148,0,12,24727858.399278,86,136,0,12,25200728.264811,34,168,0,1,19500143.517317,44,160,0,1,19436338.373446,35,168,0,1,21507753.188157,33,84,0,1,22756437.981262,60,144,0,12,26114815.935880,52,92,0,1,22275075.546511,93,144,0,1,39385304.938270,24,100,0,1,24599334.964943,
20,1552384449,0.000000,8,112,2,1,24048046.290094,7,104,0,1,24608178.141986,28,184,0,1,20936411.001772,30,172,0,1,21893690.090673,43,180,0,1,19818384.128998,13,180,0,1,20295903.726174,15,168,0,1,21358495.742920,5,88,0,1,24295780.208309,80,172,0,12,23558324.564112,78,140,0,12,24294636.362036,63,148,0,12,24727805.804322,86,136,0,12,25200816.170283,34,168,0,1,19500173.531691,44,160,0,1,19436285.228808,35,168,0,1,21507631.071533,33,84,0,1,22756605.747655,60,144,0,12,26114710.248637,52,92,0,1,22275044.013967,93,144,0,1,39385304.938270,24,104,0,1,24599195.572604,
20,1552384449,0.200000,8,112,2,1,24048115.541283,7,104,0,1,24608307.962881,28,184,0,1,20936403.088098,30,172,0,1,21893789.460938,43,180,0,1,19818461.014657,13,180,0,1,20295906.797412,15,168,0,1,21358426.465556,5,92,0,1,24295921.982603,80,172,0,12,23558309.408598,78,140,0,12,24294705.717927,63,148,0,12,24727753.314067,86,136,0,12,25200903.979779,34,168,0,1,19500203.607142,44,160,0,1,19436231.944568,35,168,0,1,21507508.867658,33,84,0,1,22756772.999267,60,144,0,12,26114604.203664,52,92,0,1,22275011.669989,93,144,0,1,39385305.016796,24,104,0,1,24599055.709109,
20,1552384449,0.400000,8,112,2,1,24048183.806535,7,104,0,1,24608437.042142,28,184,0,1,20936394.851595,30,168,0,1,21893888.857378,43,180,0,1,19818537.909042,13,180,0,1,20295909.720324,15,168,0,1,21358357.048589,5,92,0,1,24296063.434068,80,172,0,12,23558294.532288,78,140,0,12,24294775.283220,63,144,0,12,24727700.876163,86,136,0,12,25200991.763099,34,168,0,1,19500233.691317,44,160,0,1,19436178.669054,35,168,0,1,21507386.672508,33,84,0,1,22756939.858249,60,144,0,12,26114498.612396,52,92,0,1,22274979.701190,93,144,0,1,39385305.042972,24,104,0,1,24598915.138880,
20,1552384449,0.600000,8,112,2,1,24048252.987923,7,104,0,1,24608567.229491,28,184,0,1,20936386.920471,30,168,0,1,21893988.314894,43,180,0,1,19818614.707450,13,180,0,1,20295912.686861,15,168,0,1,21358287.788675,5,92,0,1,24296205.313063,80,172,0,12,23558279.621077,78,140,0,12,24294844.761262,63,144,0,12,24727648.403358,86,136,0,12,25201079.773272,34,168,0,1,19500263.819118,44,160,0,1,19436125.568041,35,168,0,1,21507264.486084,33,84,0,1,22757107.319264,60,144,0,12,26114392.986228,52,92,0,1,22274947.828367,93,140,0,1,39385305.042972,24,104,0,1,24598775.668015,
20,1552384449,0.800000,8,112,2,1,24048321.776681,7,104,0,1,24608696.840984,28,184,0,1,20936378.849746,30,168,0,1,21894087.667709,43,180,0,1,19818691.566934,13,180,0,1,20295915.609772,15,168,0,1,21358218.441510,5,92,0,1,24296346.284647,80,172,0,12,23558264.613889,78,140,0,12,24294914.597033,63,144,0,12,24727596.000354,86,140,0,12,25201167.582768,34,168,0,1,19500293.833493,44,160,0,1,19436072.519379,35,168,0,1,21507142.273484,33,88,0,1,22757275.094382,60,144,0,12,26114287.237909,52,92,0,1,22274915.946819,93,140,0,1,39385305.191299,24,104,0,1,24598635.656193,
21,1552384450,0.000000,8,112,2,1,24048392.048708,7,104,0,1,24608826.557177,28,184,0,1,20936370.874996,30,168,0,1,21894186.880922,43,180,0,1,19818768.304266,13,180,0,1,20295918.506508,15,168,0,1,21358149.085620,5,92,0,1,24296488.364320,80,172,0,12,23558249.606702,78,140,0,12,24294984.397904,63,144,0,12,24727543.579900,86,140,0,12,25201255.444614,20,112,0,1,23939566.121554,34,168,0,1,19500323.935118,44,160,0,1,19436019.296215,35,168,0,1,21507020.034709,33,88,0,1,22757442.311094,60,144,0,12,26114181.603015,52,92,0,1,22274884.423001,93,140,0,1,39385305.339625,24,104,0,1,24598495.958474,
20,1552384450,0.200000,8,112,2,1,24048460.750216,7,104,0,1,24608955.810940,28,184,0,1,20936362.926422,30,168,0,1,21894286.207561,43,180,0,1,19818845.111400,13,180,0,1,20295921.394519,15,168,0,1,21358079.895506,5,92,0,1,24296629.492956,80,172,0,12,23558234.494814,78,140,0,12,24295054.015548,63,148,0,12,24727491.089645,86,140,0,12,25201343.315186,34,168,0,1,19500354.062919,44,160,0,1,19435966.343529,35,168,0,1,21506897.918085,33,88,0,1,22757610.382866,60,144,0,12,26114075.767445,52,92,0,1,22274852.349501,93,140,0,1,39385305.322175,24,104,0,1,24598356.182230,
20,1552384450,0.400000,8,112,2,1,24048528.971842,7,104,0,1,24609085.125779,28,184,0,1,20936354.890597,30,164,0,1,21894385.534201,43,180,0,1,19818921.813832,13,180,0,1,20295924.256355,15,168,0,1,21358010.731568,5,92,0,1,24296770.848445,80,172,0,12,23558219.531252,78,140,0,12,24295123.711717,63,148,0,12,24727438.590665,86,140,0,12,25201431.098506,34,168,0,1,19500384.208170,44,160,0,1,19435913.190166,35,168,0,1,21506775.653134,33,88,0,1,22757777.416350,60,144,0,12,26113970.097651,52,92,0,1,22274821.689468,93,140,0,1,39385305.461777,24,104,0,1,24598216.318735,
20,1552384450,0.600000,8,112,2,1,24048599.130442,7,108,0,1,24609214.597669,28,184,0,1,20936346.837321,30,168,0,1,21894484.956816,43,180,0,1,19818998.751842,13,180,0,1,20295927.467195,15,168,0,1,21357941.497829,5,92,0,1,24296911.217997,80,172,0,12,23558204.873069,78,140,0,12,24295193.739441,63,148,0,12,24727386.187661,86,140,0,12,25201518.960352,34,168,0,1,19500414.423222,44,160,0,1,19435860.220030,35,172,0,1,21506653.414359,33,88,0,1,22757945.784776,60,144,0,12,26113864.305706,52,88,0,1,22274789.711944,93,140,0,1,39385305.540303,24,104,0,1,24598076.490140,
20,1552384450,0.800000,8,112,2,1,24048667.936651,7,108,0,1,24609344.366213,28,184,0,1,20936338.862572,30,168,0,1,21894584.257280,43,180,0,1,19819075.724752,13,180,0,1,20295930.302855,15,168,0,1,21357872.246640,5,92,0,1,24297051.325795,80,172,0,12,23558190.066559,78,140,0,12,24295263.391985,63,148,0,12,24727333.802107,86,136,0,12,25201606.909450,34,168,0,1,19500444.655725,44,160,0,1,19435807.293520,35,172,0,1,21506531.149408,33,88,0,1,22758113.341767,60,144,0,12,26113758.731889,52,88,0,1,22274757.734420,93,140,0,1,39385305.610104,24,104,0,1,24597936.373617,
20,1552384451,0.000000,8,116,2,1,24048737.606645,7,104,0,1,24609472.956868,28,184,0,1,20936331.009974,30,168,0,1,21894683.618820,43,180,0,1,19819152.592961,13,180,0,1,20295933.347918,15,168,0,1,21357802.995451,5,96,0,1,24297192.463156,80,172,0,12,23558175.225149,78,140,0,12,24295333.149231,63,148,0,12,24727281.564881,86,140,0,12,25201694.858547,34,168,0,1,19500474.818426,44,160,0,1,19435754.262308,35,168,0,1,21506409.006609,33,88,0,1,22758280.218199,60,144,0,12,26113652.966119,52,88,0,1,22274726.088450,93,140,0,1,39385305.662454,24,104,0,1,24597796.274544,
21,1552384451,0.200000,8,116,2,1,24048807.049787,7,108,0,1,24609601.791825,28,184,0,1,20936323.087575,30,168,0,1,21894783.041436,43,180,0,1,19819229.426270,13,180,0,1,20295936.288280,15,168,0,1,21357733.761712,5,96,0,1,24297334.132749,80,172,0,12,23558160.095810,78,140,0,12,24295403.115879,63,148,0,12,24727229.310204,86,136,0,12,25201782.833820,34,168,0,1,19500505.155629,44,160,0,1,19435701.239821,35,160,0,1,21506286.907436,33,88,0,1,22758446.588575,60,144,0,12,26113547.479553,52,88,0,1,22274694.686783,93,140,0,1,39385305.732255,24,104,0,1,24597656.332523,17,40,0,1,25245644.280888,
22,1552384451,0.400000,8,116,2,1,24048876.405677,7,108,0,1,24609730.975787,28,184,0,1,20936315.069200,30,168,0,1,21894882.306999,43,180,0,1,19819306.311930,13,180,0,1,20295939.376969,15,168,0,1,21357664.589049,5,100,0,1,24297474.353973,80,172,0,12,23558145.097348,78,140,0,12,24295472.908025,63,148,0,12,24727176.540745,86,140,0,12,25201870.852718,20,112,0,1,23938985.517910,34,164,0,1,19500535.274705,44,160,0,1,19435648.208610,35,160,0,1,21506164.799537,33,92,0,1,22758614.136841,60,144,0,12,26113441.818485,52,88,0,1,22274663.529420,93,140,0,1,39385305.845682,24,104,0,1,24597516.355601,17,44,0,1,25245513.700908,
22,1552384451,0.600000,8,116,2,1,24048945.211886,7,108,0,1,24609860.517479,28,184,0,1,20936307.077000,30,164,0,1,21894981.659814,43,180,0,1,19819383.057987,13,180,0,1,20295942.378406,15,168,0,1,21357595.268059,5,100,0,1,24297615.726912,80,172,0,12,23558130.151237,78,140,0,12,24295542.630370,63,148,0,12,24727124.207542,86,140,0,12,25201958.766915,20,112,0,1,23938900.439373,34,164,0,1,19500565.402506,44,160,0,1,19435595.273374,35,160,0,1,21506042.735264,33,92,0,1,22758781.213950,60,144,0,12,26113336.078890,52,88,0,1,22274631.429744,93,140,0,1,39385305.950383,24,104,0,1,24597376.910911,17,40,0,1,25245384.455871,
22,1552384451,0.800000,8,116,2,1,24049016.181921,7,108,0,1,24609990.408174,28,184,0,1,20936299.102250,30,164,0,1,21895080.995179,43,180,0,1,19819459.987272,13,180,0,1,20295945.458370,15,168,0,1,21357525.955794,5,100,0,1,24297757.117301,80,172,0,12,23558115.196400,78,140,0,12,24295612.361440,63,148,0,12,24727071.743463,86,140,0,12,25202046.593861,20,112,0,1,23938813.162109,34,164,0,1,19500595.530307,44,160,0,1,19435542.277063,35,160,0,1,21505920.557565,33,92,0,1,22758948.020582,60,144,0,12,26113230.173519,52,84,0,1,22274599.155566,93,144,0,1,39385306.089985,24,104,0,1,24597236.864189,17,44,0,1,25245251.415411,
22,1552384452,0.000000,8,120,2,1,24049089.106381,7,108,0,1,24610119.679387,28,184,0,1,20936291.118776,30,164,0,1,21895180.374169,43,180,0,1,19819536.951457,13,180,0,1,20295948.442357,15,164,0,1,21357456.695880,5,100,0,1,24297899.048647,80,172,0,12,23558100.259014,78,140,0,12,24295682.258287,63,148,0,12,24727019.192132,86,140,0,12,25202134.464433,20,112,0,1,23938727.036559,34,164,0,1,19500625.579582,44,160,0,1,19435489.306927,35,152,0,1,21505798.475841,33,92,0,1,22759114.958090,60,144,0,12,26113124.669502,52,84,0,1,22274566.925014,93,144,0,1,39385306.089985,24,104,0,1,24597097.393323,17,48,0,1,25245119.168936,
22,1552384452,0.200000,8,116,2,1,24049162.065741,7,108,0,1,24610248.872075,28,184,0,1,20936283.248728,30,164,0,1,21895279.770609,43,180,0,1,19819613.706240,13,180,0,1,20295951.531045,15,164,0,1,21357387.383615,5,100,0,1,24298039.339673,80,172,0,12,23558085.382703,78,140,0,12,24295751.998082,63,148,0,12,24726966.728052,86,136,0,12,25202222.343729,20,112,0,1,23938640.361328,34,164,0,1,19500655.829534,44,160,0,1,19435436.240815,35,152,0,1,21505676.437743,33,88,0,1,22759282.698308,60,144,0,12,26113018.947358,52,88,0,1,22274534.380358,93,144,0,1,39385306.299387,24,104,0,1,24596957.477478,17,48,0,1,25244987.646644,
22,1552384452,0.400000,8,116,2,1,24049233.917013,7,108,0,1,24610378.466117,28,184,0,1,20936275.448480,30,164,0,1,21895379.027447,43,180,0,1,19819690.583174,13,180,0,1,20295954.549933,15,164,0,1,21357318.114976,5,104,0,1,24298180.904564,80,172,0,12,23558070.358065,78,140,0,12,24295821.641901,63,148,0,12,24726914.211622,86,136,0,12,25202310.144500,20,108,0,1,23938555.483469,34,164,0,1,19500685.957335,44,160,0,1,19435383.131077,35,152,0,1,21505554.504347,33,92,0,1,22759450.412350,60,140,0,12,26112913.233939,52,84,0,1,22274503.380046,93,140,0,1,39385306.438989,24,104,0,1,24596819.044900,17,52,0,1,25244855.818975,
21,1552384452,0.600000,8,120,2,1,24049304.223940,7,108,0,1,24610508.601115,28,184,0,1,20936267.430105,30,164,0,1,21895478.266836,43,180,0,1,19819767.590985,13,180,0,1,20295957.594996,15,164,0,1,21357248.916137,5,104,0,1,24298320.890211,80,172,0,12,23558055.298528,78,140,0,12,24295891.198469,63,148,0,12,24726861.669016,86,136,0,12,25202398.163398,34,164,0,1,19500716.111312,44,160,0,1,19435330.143491,35,152,0,1,21505432.405173,33,88,0,1,22759617.498185,60,140,0,12,26112807.433269,52,84,0,1,22274472.449535,93,140,0,1,39385306.630942,24,104,0,1,24596678.029691,17,52,0,1,25244724.549712,
21,1552384452,0.800000,8,120,2,1,24049372.960348,7,108,0,1,24610638.011930,28,184,0,1,20936259.568782,30,164,0,1,21895577.541124,43,180,0,1,19819844.677322,13,180,0,1,20295960.456832,15,164,0,1,21357179.717299,5,104,0,1,24298462.332951,80,172,0,12,23558040.570544,78,140,0,12,24295961.173842,63,148,0,12,24726809.318363,86,136,0,12,25202486.260822,34,168,0,1,19500746.343814,44,160,0,1,19435277.216981,35,140,0,1,21505310.314725,33,88,0,1,22759785.168602,60,140,0,12,26112701.719850,52,84,0,1,22274440.384760,93,140,0,1,39385306.578591,24,104,0,1,24596538.750778,17,52,0,1,25244593.411325,
21,1552384453,0.000000,8,116,2,1,24049440.963846,7,108,0,1,24610768.007327,28,184,0,1,20936251.672559,30,164,0,1,21895676.920114,43,180,0,1,19819921.641507,13,180,0,1,20295963.475719,15,164,0,1,21357110.457385,5,104,0,1,24298603.653539,80,172,0,12,23558025.528456,78,140,0,12,24296030.747860,63,144,0,12,24726757.177112,86,136,0,12,25202573.930716,34,168,0,1,19500776.619942,44,160,0,1,19435224.281745,35,152,0,1,21505188.233002,33,92,0,1,22759952.795394,60,140,0,12,26112595.744677,52,88,0,1,22274407.194446,93,140,0,1,39385306.569866,24,104,0,1,24596398.730231,17,52,0,1,25244463.459554,
21,1552384453,0.200000,8,120,2,1,24049511.070096,7,108,0,1,24610898.316828,28,184,0,1,20936243.732710,30,164,0,1,21895776.046076,43,180,0,1,19819998.509717,13,180,0,1,20295966.651659,15,168,0,1,21357041.153845,5,104,0,1,24298744.537872,80,172,0,12,23558010.678321,78,140,0,12,24296100.574907,63,144,0,12,24726704.756658,86,136,0,12,25202661.661686,34,168,0,1,19500806.721567,44,160,0,1,19435171.241808,35,160,0,1,21505066.282155,33,92,0,1,22760121.111469,60,140,0,12,26112490.022533,52,88,0,1,22274375.365249,93,140,0,1,39385306.604766,24,104,0,1,24596257.610320,17,48,0,1,25244332.225191,
21,1552384453,0.400000,8,116,2,1,24049579.352798,7,108,0,1,24611028.434377,28,184,0,1,20936235.819036,30,164,0,1,21895875.311640,43,180,0,1,19820075.412826,13,180,0,1,20295969.679272,15,168,0,1,21356972.042258,5,104,0,1,24298886.198740,80,172,0,12,23557995.601333,78,140,0,12,24296170.314702,63,144,0,12,24726652.196603,86,136,0,12,25202749.436281,34,168,0,1,19500836.858093,44,160,0,1,19435118.280397,35,164,0,1,21504944.270233,33,92,0,1,22760287.944276,60,140,0,12,26112384.143337,52,88,0,1,22274342.872944,93,140,0,1,39385306.596041,24,104,0,1,24596117.581048,17,48,0,1,25244200.938478,
21,1552384453,0.600000,8,116,2,1,24049649.153669,7,108,0,1,24611158.831129,28,184,0,1,20936227.835561,30,160,0,1,21895974.489952,43,180,0,1,19820152.377012,13,180,0,1,20295972.689434,15,168,0,1,21356902.729993,5,104,0,1,24299027.842157,80,172,0,12,23557980.419643,78,140,0,12,24296240.281350,63,144,0,12,24726599.915750,86,136,0,12,25202837.184701,34,164,0,1,19500866.959719,44,160,0,1,19435065.318987,35,172,0,1,21504822.118708,33,92,0,1,22760456.077124,60,140,0,12,26112278.220515,52,92,0,1,22274311.279324,93,140,0,1,39385306.648392,24,104,0,1,24595976.687990,17,48,0,1,25244070.341048,
21,1552384453,0.800000,8,116,2,1,24049713.326845,7,108,3,1,24611287.613736,28,184,0,1,20936219.965513,30,164,0,1,21896073.738066,43,180,0,1,19820229.315022,13,180,0,1,20295975.760673,15,168,0,1,21356833.627131,5,104,0,1,24299169.171471,80,172,0,12,23557965.534608,78,140,0,12,24296310.178197,63,144,0,12,24726547.338244,86,136,0,12,25202925.055272,34,164,0,1,19500897.078795,44,160,0,1,19435012.366301,35,172,0,1,21504700.002085,33,92,0,1,22760623.424712,60,140,0,12,26112172.637973,52,92,0,1,22274279.930008,93,128,0,1,39385306.596041,24,104,0,1,24595836.562741,17,48,0,1,25243940.267125,
21,1552384454,0.000000,8,116,2,1,24049785.649272,7,108,2,1,24611416.335267,28,184,0,1,20936212.112915,30,164,0,1,21896173.230482,43,180,0,1,19820306.383908,13,180,0,1,20295978.831911,15,168,0,1,21356764.393392,5,100,0,1,24299309.000066,80,172,0,12,23557950.501245,78,140,0,12,24296379.926717,63,144,0,12,24726494.717113,86,136,0,12,25203013.091621,34,164,0,1,19500927.171695,44,160,0,1,19434959.308914,35,168,0,1,21504577.920361,33,92,0,1,22760790.737400,60,140,0,12,26112066.985630,52,92,0,1,22274247.839058,93,140,0,1,39385306.630942,24,104,0,1,24595695.879086,17,48,0,1,25243808.971687,
21,1552384454,0.200000,8,116,2,1,24049860.423455,7,112,2,1,24611546.321939,28,184,0,1,20936204.111990,30,164,0,1,21896272.583297,43,180,0,1,19820383.313193,13,180,0,1,20295981.763548,15,168,0,1,21356695.281804,5,100,0,1,24299450.355554,80,172,0,12,23557935.345731,78,140,0,12,24296449.579261,63,144,0,12,24726442.270483,86,136,0,12,25203100.918567,34,164,0,1,19500957.351847,44,160,0,1,19434906.242802,35,164,0,1,21504455.768837,33,88,0,1,22760958.756821,60,140,0,12,26111961.263486,52,92,0,1,22274216.105837,93,140,0,1,39385306.700742,24,104,0,1,24595555.806188,17,44,0,1,25243679.979678,
21,1552384454,0.400000,8,116,2,1,24049930.381378,7,112,2,1,24611676.465663,28,184,0,1,20936196.189591,30,164,0,1,21896371.822685,43,180,0,1,19820460.251203,13,180,0,1,20295984.930762,15,168,0,1,21356626.082966,5,100,0,1,24299590.105623,80,172,0,12,23557920.478145,78,140,0,12,24296519.336507,63,144,0,12,24726389.858754,86,136,0,12,25203188.797863,34,164,0,1,19500987.444747,44,160,0,1,19434853.185415,35,164,0,1,21504333.669664,33,88,0,1,22761125.039946,60,140,0,12,26111855.558792,52,96,0,1,22274184.555843,93,140,0,1,39385306.604766,24,104,0,1,24595415.759465,17,40,0,1,25243549.312447,
20,1552384454,0.600000,8,120,2,1,24049998.018422,7,112,2,1,24611806.321458,28,184,0,1,20936188.293368,30,164,0,1,21896471.192950,43,180,0,1,19820537.163038,13,180,0,1,20295987.783873,15,168,0,1,21356556.971379,5,96,0,1,24299730.527525,80,172,0,12,23557905.532034,78,140,0,12,24296589.058852,63,144,0,12,24726337.429575,86,136,0,12,25203276.589909,34,164,0,1,19501017.598724,44,160,0,1,19434800.075677,35,164,0,1,21504211.544315,33,88,0,1,22761292.911041,60,140,0,12,26111750.011150,52,96,0,1,22274153.058200,93,140,0,1,39385306.683292,24,100,0,1,24595275.765094,
21,1552384454,0.800000,8,120,2,1,24050067.252161,7,112,2,1,24611935.531595,28,184,0,1,20936180.510571,30,168,0,1,21896570.502139,43,180,0,1,19820614.092323,13,180,0,1,20295990.916187,15,168,0,1,21356487.868516,5,96,0,1,24299870.940702,80,172,0,12,23557890.638273,78,140,0,12,24296658.850998,63,144,0,12,24726285.009121,86,136,0,12,25203364.565181,20,116,0,1,23937533.302064,34,164,0,1,19501047.717799,44,160,0,1,19434747.009565,35,164,0,1,21504089.357890,33,88,0,1,22761461.227116,60,140,0,12,26111644.219205,52,96,0,1,22274121.316254,93,140,0,1,39385306.805444,24,104,0,1,24595136.904986,
21,1552384455,0.000000,8,120,2,1,24050135.499963,7,112,2,1,24612065.535717,28,184,0,1,20936172.570722,30,164,0,1,21896669.732802,43,180,0,1,19820691.047783,13,180,0,1,20295993.917624,15,168,0,1,21356418.573702,5,92,0,1,24300011.947187,80,172,0,12,23557875.674711,78,140,0,12,24296728.512267,63,144,0,12,24726232.501416,86,136,0,12,25203452.348502,20,116,0,1,23937446.077151,34,164,0,1,19501077.906676,44,160,0,1,19434693.943453,35,164,0,1,21503967.241267,33,88,0,1,22761629.133111,60,140,0,12,26111538.636662,52,100,0,1,22274090.202516,93,140,0,1,39385306.822894,24,104,0,1,24594997.128742,
21,1552384455,0.200000,8,116,2,1,24050203.782665,7,112,2,1,24612194.265974,28,184,0,1,20936164.604697,30,164,0,1,21896769.024541,43,180,0,1,19820767.950893,13,180,0,1,20295996.866711,15,168,0,1,21356349.409764,5,88,0,1,24300153.337576,80,172,0,12,23557860.650074,78,140,0,12,24296798.452739,63,144,0,12,24726180.264189,86,136,0,12,25203540.306324,20,116,0,1,23937362.333556,34,164,0,1,19501108.243880,44,160,0,1,19434640.955867,35,164,0,1,21503845.150818,33,88,0,1,22761797.414286,60,140,0,12,26111433.054120,52,100,0,1,22274058.652522,93,140,0,1,39385306.805444,24,104,0,1,24594856.183333,
