obsCount, time1, time2, sat, SNR, LLI, code,P
19,1554989137,0.998000,32,144,0,1,23075404.212722,24,108,2,1,24353937.151003,14,132,2,1,22537106.177967,25,172,0,1,19715812.245430,44,160,2,1,19897464.765947,6,172,0,1,22027305.134040,2,176,0,1,21593409.657995,85,160,0,12,22976834.727620,45,152,0,1,18999791.403229,31,96,0,1,21894508.261582,53,168,0,1,21518939.571713,54,164,0,1,18726558.865736,83,160,0,12,22407822.878725,29,168,0,1,21076584.849078,37,112,0,1,22136699.265534,12,184,0,1,20179725.394078,60,152,0,12,25856768.249698,46,124,0,1,22718571.312708,55,112,2,1,21133440.930902,
19,1554989138,0.198000,32,144,0,1,23075506.575699,24,108,2,1,24354089.980010,14,132,2,1,22537163.519382,25,172,0,1,19715801.408845,44,160,2,1,19897581.228700,6,172,0,1,22027370.415305,2,176,0,1,21593394.197102,85,160,0,12,22976893.377802,45,152,0,1,18999728.669697,31,92,0,1,21894419.038619,53,168,0,1,21519088.805975,54,164,0,1,18726563.071239,83,160,0,12,22407747.598486,29,168,0,1,21076481.212235,37,112,0,1,22136653.179509,12,184,0,1,20179809.940383,60,152,0,12,25856877.453160,46,124,0,1,22718420.124022,55,112,2,1,21133291.155683,
19,1554989138,0.398000,32,144,0,1,23075609.113179,24,108,2,1,24354242.617064,14,132,2,1,22537222.518568,25,172,0,1,19715790.467558,44,160,2,1,19897697.482051,6,172,0,1,22027435.679119,2,176,0,1,21593378.771110,85,160,0,12,22976951.888382,45,152,0,1,18999665.814012,31,92,0,1,21894329.763305,53,168,0,1,21519237.987886,54,164,0,1,18726567.363992,83,160,0,12,22407672.108844,29,168,0,1,21076377.540491,37,112,0,1,22136608.227748,12,184,0,1,20179894.556489,60,152,0,12,25856987.424432,46,124,0,1,22718269.406491,55,112,2,1,21133141.886521,
19,1554989138,0.598000,32,144,0,1,23075711.441255,24,108,2,1,24354395.428621,14,132,2,1,22537279.755282,25,172,0,1,19715779.613523,44,160,2,1,19897813.909904,6,172,0,1,22027500.908033,2,176,0,1,21593363.362568,85,160,0,12,22977010.084858,45,152,0,1,18999603.045579,31,92,0,1,21894240.802095,53,168,0,1,21519387.222148,54,164,0,1,18726571.604395,83,160,0,12,22407596.776254,29,168,0,1,21076273.868747,37,112,0,1,22136562.054472,12,184,0,1,20179979.172595,60,152,0,12,25857097.535306,46,124,0,1,22718121.725298,55,112,2,1,21132992.687159,
19,1554989138,0.798000,32,144,0,1,23075813.856583,24,108,2,1,24354548.065675,14,132,2,1,22537338.405464,25,172,0,1,19715768.742037,44,160,2,1,19897930.145804,6,172,0,1,22027566.136947,2,172,0,1,21593347.936575,85,160,0,12,22977068.612888,45,152,0,1,18999540.207345,31,92,0,1,21894151.736184,53,168,0,1,21519536.334259,54,164,0,1,18726575.914599,83,160,0,12,22407521.443664,29,168,0,1,21076170.231904,37,112,0,1,22136515.357689,12,184,0,1,20180063.631649,60,152,0,12,25857207.558929,46,124,0,1,22717971.112469,55,112,2,1,21132842.667637,
19,1554989138,0.998000,32,144,0,1,23075916.202110,24,108,2,1,24354701.400739,14,132,2,1,22537395.921382,25,172,0,1,19715757.783300,44,160,2,1,19898046.434055,6,172,0,1,22027631.365861,2,172,0,1,21593332.545483,85,160,0,12,22977127.210720,45,152,0,1,18999477.456362,31,92,0,1,21894062.478320,53,168,0,1,21519685.516170,54,164,0,1,18726580.294604,83,160,0,12,22407446.111074,29,168,0,1,21076066.577611,37,112,0,1,22136469.533418,12,184,0,1,20180148.160503,60,152,0,12,25857317.233548,46,124,0,1,22717819.923783,55,112,2,1,21132692.194410,
19,1554989139,0.198000,32,144,0,1,23076018.547637,24,104,2,1,24354853.706239,14,136,2,1,22537453.262797,25,172,0,1,19715746.929265,44,160,2,1,19898162.792107,6,172,0,1,22027696.542424,2,172,0,1,21593317.154391,85,160,0,12,22977186.070304,45,152,0,1,18999414.653028,31,92,0,1,21893973.325157,53,168,0,1,21519834.750433,54,164,0,1,18726584.587357,83,160,0,12,22407370.761034,29,168,0,1,21075962.801166,37,112,0,1,22136424.476956,12,184,0,1,20180232.759159,60,148,0,12,25857427.100119,46,120,0,1,22717667.845135,55,112,2,1,21132541.878234,
19,1554989139,0.398000,32,144,0,1,23076120.962965,24,104,2,1,24355006.482895,14,132,2,1,22537511.127719,25,172,0,1,19715736.197381,44,164,2,1,19898279.202510,6,172,0,1,22027761.858589,2,172,0,1,21593301.833100,85,160,0,12,22977244.650685,45,152,0,1,18999351.936946,31,92,0,1,21893884.433748,53,168,0,1,21519983.967244,54,164,0,1,18726588.862660,83,160,0,12,22407295.393543,29,168,0,1,21075859.111972,37,112,0,1,22136378.530532,12,184,0,1,20180317.375265,60,148,0,12,25857537.053941,46,120,0,1,22717515.853738,55,112,2,1,21132391.928513,
19,1554989139,0.598000,32,144,0,1,23076223.325943,24,104,2,1,24355159.730708,14,132,2,1,22537568.783239,25,172,0,1,19715725.448047,44,164,2,1,19898395.578012,6,172,0,1,22027827.227105,2,172,0,1,21593286.459458,85,160,0,12,22977303.300867,45,152,0,1,18999289.151062,31,92,0,1,21893795.943694,53,168,0,1,21520133.131706,54,164,0,1,18726593.225215,83,160,0,12,22407220.148204,29,168,0,1,21075755.422778,37,112,0,1,22136332.688810,12,184,0,1,20180401.851769,60,148,0,12,25857646.815810,46,120,0,1,22717362.396524,55,112,2,1,21132242.013692,
19,1554989139,0.798000,32,144,0,1,23076325.758721,24,104,2,1,24355312.437563,14,132,2,1,22537625.932702,25,172,0,1,19715714.646362,44,160,2,1,19898511.901163,6,172,0,1,22027892.508369,2,172,0,1,21593271.068366,85,160,0,12,22977361.985949,45,152,0,1,18999226.452430,31,92,0,1,21893706.999934,53,168,0,1,21520282.278717,54,164,0,1,18726597.570319,83,160,0,12,22407144.902866,29,168,0,1,21075651.768485,37,112,0,1,22136287.196093,12,184,0,1,20180486.275922,60,148,0,12,25857756.926684,46,124,0,1,22717210.387677,55,108,2,1,21132091.331062,
19,1554989139,0.998000,32,144,0,1,23076428.104248,24,104,2,1,24355464.777964,14,132,2,1,22537683.745273,25,172,0,1,19715703.879578,44,160,2,1,19898628.224315,6,172,0,1,22027957.789634,2,172,0,1,21593255.694724,85,160,0,12,22977420.566330,45,152,0,1,18999163.718897,31,92,0,1,21893617.410516,53,168,0,1,21520431.512979,54,164,0,1,18726601.967774,83,160,0,12,22407069.727328,29,168,0,1,21075548.079291,37,112,0,1,22136241.511423,12,184,0,1,20180570.787327,60,148,0,12,25857866.688554,46,124,0,1,22717060.228553,55,108,2,1,21131941.119588,
19,1554989140,0.198000,32,144,0,1,23076530.414874,24,104,2,1,24355617.729122,14,132,2,1,22537741.173940,25,172,0,1,19715693.060443,44,160,1,1,19898744.442765,6,172,0,1,22028023.175600,2,172,0,1,21593240.268732,85,160,0,12,22977479.338663,45,152,0,1,18999101.020265,31,92,0,1,21893527.454644,53,168,0,1,21520580.729791,54,168,0,1,18726606.347779,83,160,0,12,22406994.342387,29,168,0,1,21075444.355197,37,112,0,1,22136195.390497,12,184,0,1,20180655.351082,60,148,0,12,25857976.572575,46,124,0,1,22716911.325845,55,108,2,1,21131790.908114,
19,1554989140,0.398000,32,144,0,1,23076632.655700,24,104,2,1,24355771.849446,14,132,2,1,22537799.143563,25,172,0,1,19715682.398360,44,160,0,1,19898860.870618,6,172,0,1,22028088.526665,2,172,0,1,21593224.877640,85,160,0,12,22977538.006295,45,152,0,1,18999038.286732,31,92,0,1,21893438.196780,53,168,0,1,21520729.911702,54,168,0,1,18726610.815034,83,160,0,12,22406918.905096,29,168,0,1,21075340.508951,37,112,0,1,22136149.670927,12,184,0,1,20180740.036989,60,148,0,12,25858086.386795,46,124,0,1,22716758.549189,55,108,2,1,21131640.295284,
19,1554989140,0.598000,32,144,0,1,23076735.140829,24,108,2,1,24355924.661002,14,132,2,1,22537857.287689,25,176,0,1,19715671.649026,44,160,0,1,19898977.193769,6,172,0,1,22028153.930081,2,172,0,1,21593209.259695,85,164,0,12,22977596.761179,45,152,0,1,18998975.588100,31,92,0,1,21893350.038280,53,168,0,1,21520879.215765,54,168,0,1,18726615.177589,83,160,0,12,22406843.537605,29,168,0,1,21075237.064060,37,112,0,1,22136104.614464,12,184,0,1,20180824.618194,60,148,0,12,25858196.043963,46,124,0,1,22716602.404641,55,108,2,1,21131489.734806,
19,1554989140,0.798000,32,144,0,1,23076837.556157,24,108,2,1,24356078.589373,14,132,2,1,22537915.117710,25,176,0,1,19715660.777540,44,160,0,1,19899093.447120,6,172,0,1,22028219.158995,2,172,0,1,21593193.903503,85,160,0,12,22977655.550962,45,152,0,1,18998912.872017,31,92,0,1,21893261.391174,53,168,0,1,21521028.415127,54,164,0,1,18726619.592494,83,160,0,12,22406768.257366,29,168,0,1,21075133.409767,37,112,0,1,22136058.493539,12,184,0,1,20180909.024897,60,148,0,12,25858305.736032,46,124,0,1,22716452.071015,55,108,2,1,21131340.134089,
19,1554989140,0.998000,32,144,0,1,23076939.919134,24,108,2,1,24356231.348579,14,132,2,1,22537973.174585,25,172,0,1,19715649.888604,44,160,0,1,19899209.665570,6,172,0,1,22028284.492610,2,172,0,1,21593178.425160,85,160,0,12,22977714.201144,45,152,0,1,18998850.190835,31,92,0,1,21893172.447414,53,168,0,1,21521177.666839,54,168,0,1,18726623.989949,83,160,0,12,22406692.942226,29,168,0,1,21075029.720573,37,112,0,1,22136012.721618,12,184,0,1,20180993.518852,60,152,0,12,25858415.654954,46,128,3,1,22716298.788302,55,108,2,1,21131190.515922,
19,1554989141,0.198000,32,144,0,1,23077042.456613,24,108,2,1,24356384.212486,14,132,2,1,22538031.126758,25,172,0,1,19715639.121820,44,160,0,1,19899325.901470,6,172,0,1,22028349.738974,2,172,0,1,21593163.103869,85,160,0,12,22977772.781525,45,152,0,1,18998787.457302,31,96,0,1,21893084.323815,53,168,0,1,21521326.848751,54,168,0,1,18726628.404854,83,160,0,12,22406617.522385,29,168,0,1,21074926.013929,37,112,0,1,22135966.478541,12,184,0,1,20181078.187308,60,152,0,12,25858525.661126,46,128,2,1,22716148.978183,55,108,2,1,21131040.129945,
19,1554989141,0.398000,32,144,0,1,23077144.889392,24,108,2,1,24356537.477749,14,132,2,1,22538089.218533,25,176,0,1,19715628.232884,44,160,0,1,19899442.276972,6,172,0,1,22028414.985339,2,172,0,1,21593147.730227,85,160,0,12,22977831.414257,45,152,0,1,18998724.776120,31,96,0,1,21892995.938462,53,168,0,1,21521476.100463,54,168,0,1,18726632.802309,83,160,0,12,22406542.015293,29,172,0,1,21074822.394536,37,116,0,1,22135920.985823,12,184,0,1,20181162.698713,60,152,0,12,25858635.527697,46,124,2,1,22715995.957224,55,108,2,1,21130891.384289,
19,1554989141,0.598000,32,144,0,1,23077247.374520,24,108,2,1,24356690.254405,14,132,2,1,22538147.205606,25,176,0,1,19715617.396299,44,160,0,1,19899558.547773,6,172,0,1,22028480.231703,2,168,0,1,21593132.164633,85,160,0,12,22977890.151689,45,152,0,1,18998662.164739,31,100,0,1,21892908.094066,53,168,0,1,21521625.404526,54,168,0,1,18726637.252114,83,160,0,12,22406466.822305,29,168,0,1,21074718.670442,37,116,0,1,22135874.882348,12,184,0,1,20181247.157766,60,152,0,12,25858745.237216,46,124,2,1,22715843.267818,55,108,2,1,21130740.754010,
19,1554989141,0.798000,32,144,0,1,23077349.754948,24,108,2,1,24356842.629707,14,132,2,1,22538205.245030,25,176,0,1,19715606.594614,44,160,0,1,19899674.888375,6,172,0,1,22028545.582768,2,168,0,1,21593116.581588,85,160,0,12,22977948.679720,45,152,0,1,18998599.343955,31,100,0,1,21892820.738276,53,168,0,1,21521774.621338,54,168,0,1,18726641.667019,83,160,0,12,22406391.489715,29,168,0,1,21074615.051049,37,112,0,1,22135829.162777,12,184,0,1,20181331.651721,60,152,0,12,25858855.173588,46,124,2,1,22715692.620089,55,108,2,1,21130590.472735,
19,1554989141,0.998000,32,144,0,1,23077452.170276,24,108,2,1,24356995.301662,14,132,2,1,22538263.249554,25,176,0,1,19715595.740578,44,160,0,1,19899791.228976,6,172,0,1,22028611.038535,2,168,0,1,21593101.155596,85,164,0,12,22978007.364802,45,152,0,1,18998536.680223,31,100,0,1,21892732.509975,53,168,0,1,21521923.803249,54,168,0,1,18726646.151725,83,160,0,12,22406316.052423,29,168,0,1,21074511.414206,37,112,0,1,22135783.146553,12,184,0,1,20181416.023523,60,152,0,12,25858965.022708,46,128,2,1,22715540.209887,55,108,2,1,21130439.964607,
19,1554989142,0.198000,32,144,0,1,23077554.655405,24,108,0,1,24357147.659513,14,132,0,1,22538321.341329,25,176,0,1,19715584.991244,44,160,0,1,19899907.604478,6,172,0,1,22028676.459401,2,168,0,1,21593085.642352,85,164,0,12,22978065.892832,45,152,0,1,18998473.999041,31,100,0,1,21892643.880319,53,168,0,1,21522073.020061,54,168,0,1,18726650.618981,83,160,0,12,22406240.650033,29,168,0,1,21074407.742462,37,112,0,1,22135737.426983,12,184,0,1,20181500.604729,60,148,0,12,25859074.749678,46,128,2,1,22715391.499131,55,108,0,1,21130289.613531,
19,1554989142,0.398000,32,144,0,1,23077656.948581,24,108,0,1,24357300.750273,14,132,0,1,22538379.310952,25,176,0,1,19715574.207010,44,160,0,1,19900023.910180,6,176,0,1,22028741.740666,2,168,0,1,21593070.338511,85,164,0,12,22978124.508114,45,152,0,1,18998411.248058,31,100,0,1,21892555.809070,53,168,0,1,21522222.219423,54,168,0,1,18726654.981535,83,160,0,12,22406165.457044,29,168,0,1,21074304.157970,37,108,0,1,22135691.463109,12,184,0,1,20181585.133584,60,148,0,12,25859184.651149,46,128,2,1,22715241.462159,55,108,0,1,21130139.227554,
19,1554989142,0.598000,32,144,0,1,23077759.398809,24,108,0,1,24357453.683981,14,132,0,1,22538437.298026,25,176,0,1,19715563.387875,44,160,0,1,19900140.250781,6,176,0,1,22028807.301134,2,168,0,1,21593054.877618,85,160,0,12,22978182.931443,45,152,0,1,18998348.671577,31,96,0,1,21892466.917661,53,168,0,1,21522371.488585,54,168,0,1,18726659.640744,83,160,0,12,22406090.176805,29,168,0,1,21074200.643278,37,108,0,1,22135645.691188,12,184,0,1,20181669.662438,60,148,0,12,25859294.413019,46,128,2,1,22715090.168771,55,108,0,1,21129989.399985,
19,1554989142,0.798000,32,140,0,1,23077861.866488,24,104,0,1,24357606.670040,14,132,0,1,22538495.267649,25,176,0,1,19715552.673441,44,160,0,1,19900256.591383,6,176,0,1,22028872.652199,2,168,0,1,21593039.556327,85,160,0,12,22978241.442023,45,156,0,1,18998286.042746,31,96,0,1,21892378.514858,53,168,0,1,21522520.844999,54,168,0,1,18726664.282502,83,160,0,12,22406015.053618,29,168,0,1,21074097.111136,37,108,0,1,22135599.989068,12,184,0,1,20181754.330895,60,148,0,12,25859404.227239,46,128,2,1,22714936.432353,55,108,0,1,21129839.083809,
19,1554989142,0.998000,32,140,0,1,23077964.281816,24,104,0,1,24357759.848051,14,132,0,1,22538553.324524,25,176,0,1,19715541.854306,44,160,0,1,19900373.089037,6,176,0,1,22028938.247568,2,168,0,1,21593024.217586,85,160,0,12,22978300.249257,45,152,0,1,18998223.309213,31,96,0,1,21892288.960340,53,168,0,1,21522670.096711,54,168,0,1,18726668.784658,83,160,0,12,22405939.546525,29,168,0,1,21073993.596445,37,108,0,1,22135553.990294,12,184,0,1,20181838.789949,60,148,0,12,25859513.744805,46,124,2,1,22714783.167091,55,108,0,1,21129688.942136,
19,1554989143,0.198000,32,140,0,1,23078066.714594,24,104,0,1,24357913.218015,14,132,0,1,22538611.381398,25,176,0,1,19715531.087522,44,160,0,1,19900489.499439,6,176,0,1,22029003.650984,2,168,0,1,21593008.896295,85,160,0,12,22978359.021590,45,152,0,1,18998160.680382,31,96,0,1,21892199.999130,53,168,0,1,21522819.330973,54,168,0,1,18726673.374065,83,160,0,12,22405864.144135,29,168,0,1,21073890.064303,37,104,0,1,22135507.694866,12,184,0,1,20181923.283903,60,152,0,12,25859623.873129,46,124,2,1,22714631.699201,55,108,0,1,21129538.817912,
19,1554989143,0.398000,32,140,0,1,23078169.112472,24,104,0,1,24358066.378576,14,132,0,1,22538669.385922,25,176,0,1,19715520.390538,44,160,0,1,19900605.927292,6,172,0,1,22029069.002049,2,168,0,1,21592993.575003,85,160,0,12,22978417.759023,45,152,0,1,18998098.069000,31,96,0,1,21892110.968119,53,168,0,1,21522968.635036,54,168,0,1,18726677.928572,83,160,0,12,22405788.811545,29,172,0,1,21073786.567061,37,104,0,1,22135461.364538,12,184,0,1,20182007.777857,60,152,0,12,25859733.547748,46,128,2,1,22714481.662229,55,108,0,1,21129389.042694,
19,1554989143,0.598000,32,140,0,1,23078271.597600,24,104,0,1,24358219.172683,14,132,0,1,22538727.460247,25,176,0,1,19715509.658654,44,160,0,1,19900722.407495,6,172,0,1,22029134.422915,2,168,0,1,21592978.253712,85,160,0,12,22978476.391754,45,152,0,1,18998035.475069,31,96,0,1,21892021.710256,53,168,0,1,21523117.904199,54,168,0,1,18726682.570330,83,160,0,12,22405713.531305,29,172,0,1,21073683.226872,37,100,0,1,22135415.365764,12,184,0,1,20182092.428863,60,152,0,12,25859843.606271,46,128,2,1,22714328.676170,55,108,0,1,21129239.476877,
19,1554989143,0.798000,32,140,0,1,23078374.030378,24,104,0,1,24358372.123841,14,132,0,1,22538785.447320,25,176,0,1,19715499.014021,44,160,0,1,19900838.957500,6,172,0,1,22029199.739080,2,168,0,1,21592962.949871,85,160,0,12,22978535.024486,45,152,0,1,18997972.881138,31,96,0,1,21891931.963786,53,168,0,1,21523267.190812,54,168,0,1,18726687.159737,83,160,0,12,22405638.233616,29,172,0,1,21073579.799431,37,100,0,1,22135369.175038,12,184,0,1,20182177.149671,60,152,0,12,25859953.228539,46,128,2,1,22714177.400232,55,108,0,1,21129089.509706,
18,1554989143,0.998000,32,140,0,1,23078476.655109,24,104,0,1,24358525.301852,14,132,0,1,22538843.713597,25,176,0,1,19715488.334488,44,160,0,1,19900955.455153,6,172,0,1,22029265.177397,2,168,0,1,21592947.558779,85,160,0,12,22978593.796819,45,152,0,1,18997910.339558,53,168,0,1,21523416.459974,54,168,0,1,18726691.731694,83,160,0,12,22405563.058078,29,172,0,1,21073476.494142,37,96,0,1,22135322.862160,12,184,0,1,20182261.818127,60,152,0,12,25860062.920608,46,128,2,1,22714026.717602,55,108,0,1,21128940.118392,
18,1554989144,0.198000,32,140,0,1,23078579.210039,24,104,0,1,24358678.514764,14,128,0,1,22538901.787922,25,172,0,1,19715477.637505,44,160,0,1,19901071.830655,6,172,0,1,22029330.598263,2,168,0,1,21592932.220038,85,160,0,12,22978652.743655,45,152,0,1,18997847.763077,53,168,0,1,21523565.886189,54,172,0,1,18726696.303651,83,160,0,12,22405487.603336,29,172,0,1,21073373.084152,37,96,0,1,22135276.165377,12,184,0,1,20182346.504034,60,152,0,12,25860172.699928,46,128,2,1,22713875.389314,55,108,0,1,21128790.273372,
18,1554989144,0.398000,32,140,0,1,23078681.817319,24,104,0,1,24358831.186719,14,128,0,1,22538959.932047,25,172,0,1,19715466.853270,44,160,0,1,19901188.293409,6,172,0,1,22029396.019130,2,168,0,1,21592916.898747,85,160,0,12,22978711.306586,45,152,0,1,18997785.204047,53,168,0,1,21523715.329853,54,168,0,1,18726700.980309,83,160,0,12,22405412.131144,29,172,0,1,21073269.848664,37,96,0,1,22135229.189391,12,184,0,1,20182431.207391,60,148,0,12,25860282.304745,46,128,2,1,22713725.090588,55,108,0,1,21128640.847158,
19,1554989144,0.598000,32,140,0,1,23078784.372249,24,104,0,1,24358984.242579,14,128,0,1,22539017.954021,25,172,0,1,19715456.191187,44,160,0,1,19901304.808512,6,172,0,1,22029461.527247,2,168,0,1,21592901.507655,85,160,0,12,22978770.113819,45,152,0,1,18997722.645016,53,168,0,1,21523864.686267,54,168,0,1,18726705.587167,83,160,0,12,22405336.973057,29,172,0,1,21073166.421223,37,96,0,1,22135182.579859,12,180,0,1,20182515.840947,60,148,0,12,25860392.241117,46,128,2,1,22713573.814651,64,96,0,12,26885089.670398,55,108,0,1,21128491.176640,
19,1554989144,0.798000,32,144,0,1,23078886.962079,24,104,0,1,24359137.193738,14,128,0,1,22539076.150497,25,172,0,1,19715445.529104,44,160,0,1,19901421.358517,6,172,0,1,22029527.140066,2,168,0,1,21592886.291065,85,160,0,12,22978828.764001,45,152,0,1,18997660.085985,53,168,0,1,21524014.025231,54,168,0,1,18726710.228925,83,160,0,12,22405261.745168,29,168,0,1,21073062.923982,37,92,0,1,22135137.052241,12,180,0,1,20182600.579204,60,148,0,12,25860502.282190,46,128,2,1,22713424.336085,64,96,0,12,26885177.776548,55,108,0,1,21128340.616162,
20,1554989144,0.998000,32,140,0,1,23078989.482108,24,104,0,1,24359291.104658,14,128,0,1,22539134.312073,25,172,0,1,19715434.779770,44,160,0,1,19901537.873621,6,168,0,1,22029592.665633,2,168,0,1,21592870.952323,85,160,0,12,22978887.553785,45,152,0,1,18997597.561855,31,88,0,1,21891398.371028,53,168,0,1,21524163.416545,54,172,0,1,18726714.975384,83,160,0,12,22405186.482379,29,168,0,1,21072959.444191,37,92,0,1,22135090.826615,12,184,0,1,20182685.247661,60,148,0,12,25860612.270912,46,128,2,1,22713274.613217,64,96,0,12,26885267.470667,55,108,0,1,21128190.736241,
20,1554989145,0.198000,32,140,0,1,23079091.984687,24,100,0,1,24359444.858526,14,128,0,1,22539192.508549,25,172,0,1,19715424.030436,44,160,0,1,19901654.406175,6,168,0,1,22029658.138850,2,168,0,1,21592855.665933,85,160,0,12,22978946.744923,45,152,0,1,18997535.142426,31,88,0,1,21891309.008463,53,168,0,1,21524312.842759,54,172,0,1,18726719.547341,83,160,0,12,22405111.359191,29,168,0,1,21072856.016750,37,92,0,1,22135043.239871,12,184,0,1,20182769.916117,60,148,0,12,25860721.875730,46,132,2,1,22713124.419193,64,96,0,12,26885356.519128,55,108,0,1,21128040.071061,
20,1554989145,0.398000,32,140,0,1,23079194.469816,24,100,0,1,24359597.600282,14,128,0,1,22539250.530523,25,172,0,1,19715413.350903,44,160,0,1,19901770.834027,6,168,0,1,22029723.559717,2,168,0,1,21592840.396992,85,160,0,12,22979005.430006,45,152,0,1,18997472.565946,31,88,0,1,21891218.808287,53,168,0,1,21524462.199173,54,172,0,1,18726724.136748,83,160,0,12,22405036.096402,29,168,0,1,21072752.589310,37,92,0,1,22134996.735040,12,180,0,1,20182854.444972,60,148,0,12,25860831.864452,46,132,2,1,22712973.596961,64,96,0,12,26885444.921931,55,108,0,1,21127889.405881,
20,1554989145,0.598000,32,140,0,1,23079297.077096,24,96,0,1,24359749.696380,14,128,0,1,22539308.604848,25,172,0,1,19715402.688820,44,160,0,1,19901887.331681,6,168,0,1,22029789.085284,2,168,0,1,21592825.250203,85,164,0,12,22979064.324490,45,152,0,1,18997410.006915,31,84,0,1,21891129.026917,53,168,0,1,21524611.642837,54,168,0,1,18726728.848307,83,164,0,12,22404960.955765,29,168,0,1,21072649.126969,37,92,0,1,22134950.387262,12,180,0,1,20182939.026177,60,148,0,12,25860941.608872,46,132,2,1,22712819.965244,64,100,0,12,26885533.499236,55,108,0,1,21127740.049468,
20,1554989145,0.798000,32,140,0,1,23079399.666926,24,92,0,1,24359902.996543,14,128,0,1,22539366.731523,25,176,0,1,19715392.044187,44,160,0,1,19902003.794434,6,168,0,1,22029854.663202,2,168,0,1,21592810.190665,85,164,0,12,22979123.044473,45,152,0,1,18997347.500235,31,88,0,1,21891040.030806,53,168,0,1,21524760.929450,54,168,0,1,18726733.524965,83,160,0,12,22404885.692976,29,168,0,1,21072545.594827,37,92,0,1,22134903.638129,12,180,0,1,20183023.694634,60,148,0,12,25861051.527793,46,132,2,1,22712667.642294,64,100,0,12,26885623.315507,55,108,0,1,21127590.605803,
20,1554989145,0.998000,32,140,0,1,23079502.221856,24,92,0,1,24360055.144992,14,128,0,1,22539424.823298,25,172,0,1,19715381.451905,44,160,0,1,19902120.204837,6,168,0,1,22029920.101519,2,168,0,1,21592794.869374,85,160,0,12,22979181.851707,45,152,0,1,18997285.098256,31,84,0,1,21890950.511189,53,168,0,1,21524910.355665,54,168,0,1,18726738.236524,83,160,0,12,22404810.517438,29,168,0,1,21072442.115036,37,88,0,1,22134856.697043,12,180,0,1,20183108.258389,60,148,0,12,25861161.533966,46,132,2,1,22712515.249542,64,100,0,12,26885711.997514,55,108,0,1,21127440.935286,
20,1554989146,0.198000,32,140,0,1,23079604.741885,24,92,0,1,24360208.410254,14,128,0,1,22539482.984874,25,172,0,1,19715370.754921,44,160,0,1,19902236.772291,6,168,0,1,22029985.574736,2,168,0,1,21592779.652784,85,160,0,12,22979240.763642,45,152,0,1,18997222.609027,31,84,0,1,21890861.043923,53,168,0,1,21525059.694628,54,168,0,1,18726742.982984,83,164,0,12,22404735.272099,29,168,0,1,21072338.565444,37,88,0,1,22134809.180100,12,184,0,1,20183192.961746,60,148,0,12,25861271.295836,46,132,2,1,22712365.579025,64,100,0,12,26885801.272828,55,108,0,1,21127291.526521,
20,1554989146,0.398000,32,140,0,1,23079707.227014,24,92,0,1,24360361.483564,14,124,0,1,22539540.989398,25,176,0,1,19715360.040487,44,160,0,1,19902353.322296,6,168,0,1,22030050.960702,2,168,0,1,21592764.401294,85,160,0,12,22979299.640677,45,152,0,1,18997160.049996,31,88,0,1,21890771.890761,53,168,0,1,21525209.068492,54,168,0,1,18726747.642192,83,164,0,12,22404659.799907,29,168,0,1,21072235.190354,37,84,0,1,22134762.326266,12,184,0,1,20183277.612752,60,148,0,12,25861381.040255,46,132,2,1,22712215.402451,64,100,0,12,26885890.722644,55,108,0,1,21127141.890904,
20,1554989146,0.598000,32,144,0,1,23079809.816844,24,92,0,1,24360514.330021,14,124,0,1,22539599.046272,25,176,0,1,19715349.343504,44,160,0,1,19902469.802499,6,168,0,1,22030116.416469,2,168,0,1,21592749.045102,85,164,0,12,22979358.622413,45,152,0,1,18997097.508416,31,88,0,1,21890682.632897,53,172,0,1,21525358.372555,54,172,0,1,18726752.353750,83,164,0,12,22404584.676720,29,168,0,1,21072131.797814,37,80,0,1,22134714.687171,12,184,0,1,20183362.403360,60,148,0,12,25861491.028977,46,132,2,1,22712066.290340,64,100,0,12,26885979.788555,55,108,0,1,21126992.150586,
20,1554989146,0.798000,32,140,0,1,23079912.371774,24,92,0,1,24360667.316080,14,124,0,1,22539657.225298,25,172,0,1,19715338.733772,44,160,0,1,19902586.265252,6,168,0,1,22030182.029287,2,168,0,1,21592733.758711,85,164,0,12,22979417.429646,45,152,0,1,18997034.949385,31,92,0,1,21890593.636786,53,172,0,1,21525507.589367,54,172,0,1,18726757.030409,83,164,0,12,22404509.448831,29,168,0,1,21072028.318022,37,76,0,1,22134668.391743,12,184,0,1,20183447.281219,60,148,0,12,25861600.930449,46,128,2,1,22711912.990177,64,100,0,12,26886067.667852,55,108,0,1,21126843.108276,
20,1554989146,0.998000,32,140,0,1,23080014.856902,24,92,0,1,24360819.272576,14,128,0,1,22539715.369423,25,176,0,1,19715327.914637,44,160,0,1,19902702.762906,6,168,0,1,22030247.467604,2,168,0,1,21592718.454871,85,164,0,12,22979476.219430,45,152,0,1,18996972.320554,31,96,0,1,21890505.931992,53,172,0,1,21525656.945781,54,172,0,1,18726761.759418,83,164,0,12,22404434.168592,29,168,0,1,21071924.838231,37,76,0,1,22134621.572809,12,184,0,1,20183531.949675,60,148,0,12,25861711.163474,46,128,2,1,22711758.852404,64,100,0,12,26886155.337746,55,108,0,1,21126694.589473,
20,1554989147,0.198000,32,140,0,1,23080117.324581,24,92,0,1,24360973.043895,14,128,0,1,22539773.635700,25,176,0,1,19715317.165302,44,160,0,1,19902819.347810,6,168,0,1,22030312.923371,2,168,0,1,21592703.203380,85,164,0,12,22979535.166266,45,152,0,1,18996909.796423,31,96,0,1,21890418.209747,53,172,0,1,21525806.267294,54,168,0,1,18726766.436076,83,164,0,12,22404358.748751,29,168,0,1,21071821.498042,37,72,0,1,22134574.352520,12,184,0,1,20183616.565781,60,148,0,12,25861821.047495,46,128,2,1,22711606.843557,64,100,0,12,26886243.217042,55,108,0,1,21126545.285410,
20,1554989147,0.398000,32,140,0,1,23080219.809710,24,92,0,1,24361125.611149,14,128,0,1,22539831.744926,25,176,0,1,19715306.468319,44,160,0,1,19902935.880365,6,172,0,1,22030378.553639,2,168,0,1,21592687.899539,85,160,0,12,22979593.851348,45,152,0,1,18996847.237393,31,100,0,1,21890330.714356,53,172,0,1,21525955.501556,54,168,0,1,18726771.008033,83,164,0,12,22404283.485961,29,168,0,1,21071718.000800,37,72,0,1,22134527.219482,12,184,0,1,20183701.129536,60,148,0,12,25861930.757014,46,128,2,1,22711456.108576,64,100,0,12,26886332.178252,55,108,0,1,21126395.946446,
20,1554989147,0.598000,32,140,0,1,23080322.364639,24,88,0,1,24361278.841511,14,132,0,1,22539889.871601,25,172,0,1,19715295.753885,44,160,0,1,19903052.395468,6,172,0,1,22030443.974506,2,168,0,1,21592672.630599,85,160,0,12,22979652.798183,45,152,0,1,18996784.608561,31,100,0,1,21890242.468605,53,168,0,1,21526104.840519,54,168,0,1,18726775.771943,83,164,0,12,22404208.380224,29,168,0,1,21071614.643161,37,68,0,1,22134479.911942,12,184,0,1,20183785.797993,60,148,0,12,25862040.728286,46,128,2,1,22711303.331920,64,96,0,12,26886421.087112,55,108,0,1,21126245.455769,
20,1554989147,0.798000,32,140,0,1,23080424.919569,24,88,0,1,24361431.251712,14,132,0,1,22539948.155328,25,164,0,1,19715285.004551,44,160,0,1,19903168.997823,6,172,0,1,22030509.569874,2,168,0,1,21592657.448909,85,160,0,12,22979711.587967,45,152,0,1,18996722.084431,31,104,3,1,21890154.432256,53,172,0,1,21526254.144582,54,168,0,1,18726780.466051,83,164,0,12,22404133.012734,29,168,0,1,21071511.320421,37,68,0,1,22134432.482250,12,184,0,1,20183870.448999,60,148,0,12,25862150.821710,46,116,0,1,22711149.368649,64,96,0,12,26886510.903382,55,108,0,1,21126095.732900,
20,1554989147,0.998000,32,140,0,1,23080527.387248,24,92,0,1,24361583.731715,14,132,0,1,22540006.282003,25,168,0,1,19715274.394819,44,160,0,1,19903285.687429,6,172,0,1,22030574.990741,2,168,0,1,21592642.197419,85,160,0,12,22979770.587153,45,152,0,1,18996659.560301,31,104,2,1,21890066.849613,53,172,0,1,21526403.500996,54,172,0,1,18726785.072909,83,164,0,12,22404057.627793,29,172,0,1,21071407.945332,37,64,0,1,22134385.645865,12,184,0,1,20183955.152356,60,152,0,12,25862260.670831,46,132,2,1,22710998.476616,64,96,0,12,26886599.323636,55,108,0,1,21125946.620790,
20,1554989148,0.198000,32,136,0,1,23080629.907277,24,92,0,1,24361736.822475,14,132,0,1,22540064.443579,25,172,0,1,19715263.697835,44,160,0,1,19903402.237434,6,168,0,1,22030640.551209,2,168,0,1,21592627.015730,85,160,0,12,22979829.307136,45,152,0,1,18996597.071071,31,108,2,1,21889982.093906,53,172,0,1,21526552.805059,54,172,0,1,18726789.854268,83,164,0,12,22403982.469705,29,164,0,1,21071304.500441,37,56,0,1,22134338.181273,12,184,0,1,20184039.873163,60,152,0,12,25862370.502501,46,132,1,1,22710846.991276,64,96,0,12,26886688.145244,55,108,0,1,21125797.089874,
20,1554989148,0.398000,32,136,0,1,23080732.409856,24,92,0,1,24361889.825984,14,132,0,1,22540122.587705,25,172,0,1,19715253.018302,44,160,0,1,19903518.735087,6,164,0,1,22030706.059326,2,168,0,1,21592611.868941,85,160,0,12,22979888.149270,45,152,0,1,18996534.616742,31,112,2,1,21889897.338198,53,172,0,1,21526702.074221,54,168,0,1,18726794.496026,83,164,0,12,22403907.049864,29,164,0,1,21071200.933399,37,52,0,1,22134290.926084,12,184,0,1,20184124.471819,60,152,0,12,25862480.526124,46,128,0,1,22710696.029442,64,96,0,12,26886776.705099,55,108,0,1,21125647.279755,
20,1554989148,0.598000,32,140,0,1,23080835.017136,24,88,0,1,24362042.358337,14,128,0,1,22540180.627129,25,172,0,1,19715242.303868,44,160,0,1,19903635.267641,6,168,0,1,22030771.497643,2,168,0,1,21592596.652351,85,160,0,12,22979946.869253,45,152,0,1,18996472.005361,31,112,2,1,21889810.174361,53,172,0,1,21526851.395735,54,172,0,1,18726799.259936,83,164,0,12,22403831.734725,29,168,0,1,21071097.366356,37,52,0,1,22134243.670894,12,184,0,1,20184209.175176,60,152,0,12,25862590.567197,46,128,0,1,22710543.427288,64,96,0,12,26886866.346867,55,108,0,1,21125497.434735,
20,1554989148,0.798000,32,136,0,1,23080937.502265,24,88,0,1,24362194.960492,14,132,0,1,22540238.806155,25,172,0,1,19715231.571984,44,160,0,1,19903751.835096,6,172,0,1,22030837.058111,2,168,0,1,21592581.383410,85,160,0,12,22980005.763738,45,152,0,1,18996409.428880,31,112,2,1,21889723.656181,53,172,0,1,21527000.734698,54,172,0,1,18726804.093646,83,164,0,12,22403756.594087,29,168,0,1,21070993.834214,37,56,0,1,22134196.433155,12,184,0,1,20184293.843632,60,152,0,12,25862700.712972,46,128,0,1,22710391.907048,64,96,0,12,26886956.006086,55,108,0,1,21125347.537365,
20,1554989148,0.998000,32,136,0,1,23081040.074645,24,88,0,1,24362348.313005,14,132,0,1,22540296.932830,25,164,0,1,19715221.032053,44,160,0,1,19903868.437451,6,172,0,1,22030902.513877,2,168,0,1,21592566.149370,85,160,0,12,22980064.553521,45,152,0,1,18996346.939650,31,108,0,1,21889632.478793,53,172,0,1,21527150.143462,54,172,0,1,18726808.909906,83,164,0,12,22403681.226597,29,168,0,1,21070890.441674,37,60,0,1,22134149.352467,12,180,0,1,20184378.669141,60,152,0,12,25862810.596993,46,128,0,1,22710237.402820,64,96,0,12,26887044.897495,55,108,0,1,21125198.355453,
20,1554989149,0.198000,32,140,0,1,23081142.647025,24,88,0,1,24362501.927272,14,132,0,1,22540355.059505,25,172,0,1,19715210.422321,44,160,0,1,19903984.987455,6,172,0,1,22030968.056895,2,168,0,1,21592550.897880,85,160,0,12,22980123.517807,45,152,0,1,18996284.363169,31,108,0,1,21889546.292168,53,172,0,1,21527299.534776,54,172,0,1,18726813.691266,83,164,0,12,22403605.859106,29,168,0,1,21070787.014234,37,60,0,1,22134102.655684,12,184,0,1,20184463.389948,60,152,0,12,25862920.236711,46,124,0,1,22710082.898592,64,96,0,12,26887135.219822,55,108,0,1,21125048.143979,
20,1554989149,0.398000,32,148,0,1,23081245.184504,24,88,0,1,24362654.756279,14,132,0,1,22540413.168730,25,172,0,1,19715199.952190,44,160,0,1,19904101.659611,6,168,0,1,22031033.634813,2,168,0,1,21592535.751091,85,160,0,12,22980182.237790,45,152,0,1,18996221.769238,31,104,0,1,21889456.632949,53,164,0,1,21527448.943541,54,172,0,1,18726818.367924,83,164,0,12,22403530.543966,29,168,0,1,21070683.604243,37,64,0,1,22134056.569659,12,184,0,1,20184547.988603,60,152,0,12,25863029.963680,46,128,0,1,22709930.697793,64,96,0,12,26887222.750115,55,108,0,1,21124898.037206,
20,1554989149,0.598000,32,136,0,1,23081347.721984,24,88,0,1,24362808.387996,14,132,0,1,22540471.347756,25,172,0,1,19715189.359908,44,160,0,1,19904218.279416,6,172,0,1,22031099.195281,2,168,0,1,21592520.534501,85,160,0,12,22980240.940322,45,152,0,1,18996159.245108,31,104,0,1,21889367.375085,53,164,0,1,21527598.317404,54,172,0,1,18726822.974782,83,164,0,12,22403455.438229,29,168,0,1,21070580.089552,37,68,0,1,22134010.448734,12,184,0,1,20184632.691960,60,152,0,12,25863140.074554,46,124,0,1,22709777.519781,64,96,0,12,26887311.292519,55,108,0,1,21124748.157286,
20,1554989149,0.798000,32,140,0,1,23081450.242013,24,88,0,1,24362960.902899,14,132,0,1,22540529.474432,25,172,0,1,19715178.715275,44,164,0,1,19904334.794520,6,172,0,1,22031164.843001,2,168,0,1,21592505.335361,85,164,0,12,22980299.747556,45,152,0,1,18996096.755878,31,100,0,1,21889278.954832,53,164,0,1,21527747.726169,54,168,0,1,18726827.721241,83,164,0,12,22403380.123090,29,168,0,1,21070476.714462,37,72,0,1,22133963.507648,12,184,0,1,20184717.534919,60,152,0,12,25863250.115627,46,128,0,1,22709632.333970,64,96,0,12,26887399.398669,55,104,0,1,21124598.207565,
20,1554989149,0.998000,32,140,0,1,23081552.762042,24,88,0,1,24363113.906408,14,128,0,1,22540587.583657,25,172,0,1,19715168.035742,44,160,0,1,19904451.327074,6,172,0,1,22031230.525620,2,168,0,1,21592490.153672,85,164,0,12,22980358.607140,45,152,0,1,18996034.214298,31,100,0,1,21889187.707644,53,164,0,1,21527896.960431,54,168,0,1,18726832.397899,83,164,0,12,22403304.633448,29,168,0,1,21070373.339372,37,76,0,1,22133917.561225,12,184,0,1,20184802.412778,60,152,0,12,25863360.086899,46,128,0,1,22709483.256760,64,100,0,12,26887488.272628,55,108,0,1,21124448.729000,
20,1554989150,0.198000,32,140,0,1,23081655.212270,24,88,0,1,24363267.503225,14,128,0,1,22540645.797583,25,172,0,1,19715157.513260,44,160,0,1,19904567.929429,6,172,0,1,22031296.173339,2,164,0,1,21592475.041783,85,164,0,12,22980417.257322,45,152,0,1,18995971.690168,31,100,3,1,21889101.398867,53,164,0,1,21528046.316845,54,168,0,1,18726837.004757,83,164,0,12,22403229.300858,29,168,0,1,21070269.859581,37,80,0,1,22133870.724840,12,184,0,1,20184887.308087,60,152,0,12,25863470.162873,46,128,0,1,22709331.317714,64,100,0,12,26887576.396227,55,108,0,1,21124298.936330,
20,1554989150,0.398000,32,136,0,1,23081757.819551,24,84,0,1,24363419.616773,14,132,0,1,22540703.854458,25,172,0,1,19715146.973329,44,160,0,1,19904684.566684,6,172,0,1,22031361.855959,2,164,0,1,21592459.929895,85,164,0,12,22980476.116906,45,152,0,1,18995909.183488,31,104,2,1,21889015.770648,53,164,0,1,21528195.638358,54,168,0,1,18726841.698865,83,164,0,12,22403154.055519,29,168,0,1,21070166.327439,37,80,0,1,22133823.958257,12,184,0,1,20184972.046345,60,152,0,12,25863580.029443,46,128,0,1,22709179.082014,64,100,0,12,26887665.322537,55,108,0,1,21124148.969159,
20,1554989150,0.598000,32,136,0,1,23081860.304679,24,84,0,1,24363572.533031,14,132,0,1,22540762.050934,25,172,0,1,19715136.433397,44,164,0,1,19904801.151589,6,172,0,1,22031427.590929,2,168,0,1,21592444.660954,85,164,0,12,22980534.976491,45,152,0,1,18995846.746609,31,104,2,1,21888926.791988,53,164,0,1,21528344.994771,54,168,0,1,18726846.270822,83,164,0,12,22403078.792730,29,168,0,1,21070062.987250,37,84,0,1,22133777.645379,12,184,0,1,20185056.732251,60,152,0,12,25863689.913465,46,128,0,1,22709028.224882,64,100,0,12,26887753.777691,55,108,0,1,21123999.089239,
20,1554989150,0.798000,32,136,0,1,23081962.894509,24,84,0,1,24363725.239886,14,132,0,1,22540820.212509,25,172,0,1,19715125.841115,44,164,0,1,19904917.806295,6,172,0,1,22031493.168847,2,168,0,1,21592429.426914,85,164,0,12,22980593.836075,45,148,0,1,18995784.309730,31,104,2,1,21888842.629588,53,164,0,1,21528494.298834,54,168,0,1,18726850.999831,83,164,0,12,22403003.686992,29,168,0,1,21069959.507458,37,84,0,1,22133731.123098,12,184,0,1,20185141.435608,60,152,0,12,25863800.006888,46,128,0,1,22708876.442888,64,100,0,12,26887841.866390,55,108,0,1,21123849.872427,
20,1554989150,0.998000,32,136,0,1,23082065.344738,24,84,0,1,24363877.876941,14,132,0,1,22540878.251934,25,172,0,1,19715115.353534,44,164,0,1,19905034.443550,6,172,0,1,22031558.799116,2,168,0,1,21592414.332476,85,164,0,12,22980652.590958,45,148,0,1,18995721.785600,31,104,2,1,21888754.994594,53,164,0,1,21528643.690148,54,168,0,1,18726855.728840,83,164,0,12,22402928.668506,29,168,0,1,21069856.219620,37,84,0,1,22133684.147112,12,184,0,1,20185226.226216,60,152,0,12,25863909.803658,46,128,0,1,22708726.842171,64,104,0,12,26887930.478595,55,108,0,1,21123700.236810,
20,1554989151,0.198000,32,136,0,1,23082167.969468,24,84,0,1,24364031.072402,14,132,0,1,22540936.343708,25,172,0,1,19715104.691451,44,164,0,1,19905151.011004,6,172,0,1,22031624.481736,2,168,0,1,21592399.150786,85,164,0,12,22980711.258591,45,148,0,1,18995659.348721,31,104,2,1,21888667.481752,53,164,0,1,21528793.011662,54,168,0,1,18726860.405499,83,164,0,12,22402853.335916,29,168,0,1,21069752.966681,37,88,0,1,22133637.659732,12,184,0,1,20185310.877223,60,152,0,12,25864020.019234,46,128,0,1,22708577.189104,64,104,0,12,26888019.945862,55,108,0,1,21123550.862946,
20,1554989151,0.398000,32,140,0,1,23082270.681450,24,84,0,1,24364184.564517,14,132,0,1,22540994.522734,25,172,0,1,19715094.116619,44,160,0,1,19905267.543558,6,172,0,1,22031690.112005,2,168,0,1,21592383.969097,85,164,0,12,22980769.943673,45,152,0,1,18995596.876941,31,108,2,1,21888579.951460,53,164,0,1,21528942.333175,54,168,0,1,18726865.064707,83,164,0,12,22402778.073127,29,168,0,1,21069649.591591,37,88,0,1,22133590.648846,12,184,0,1,20185395.563129,60,152,0,12,25864129.676402,46,128,0,1,22708427.396435,64,104,0,12,26888109.988985,55,108,0,1,21123401.297130,
20,1554989151,0.598000,32,140,0,1,23082373.253830,24,84,0,1,24364337.044520,14,132,0,1,22541052.649410,25,172,0,1,19715083.611588,44,160,0,1,19905384.128463,6,172,0,1,22031755.689923,2,168,0,1,21592368.996810,85,160,0,12,22980828.820707,45,152,0,1,18995534.440062,31,108,2,1,21888492.194315,53,164,0,1,21529091.724489,54,168,0,1,18726869.828616,83,164,0,12,22402702.775438,29,168,0,1,21069546.338653,37,92,0,1,22133544.266167,12,184,0,1,20185480.423538,60,152,0,12,25864239.734925,46,128,0,1,22708275.474839,64,100,0,12,26888200.171711,55,108,0,1,21123251.818565,
20,1554989151,0.798000,32,140,0,1,23082475.843660,24,84,0,1,24364490.292332,14,132,0,1,22541110.828436,25,172,0,1,19715073.124007,44,160,0,1,19905500.818069,6,172,0,1,22031821.424893,2,168,0,1,21592354.094324,85,160,0,12,22980887.662842,45,152,0,1,18995472.020633,31,108,2,1,21888404.227767,53,164,0,1,21529241.080903,54,168,0,1,18726874.452924,83,164,0,12,22402627.756952,29,168,0,1,21069442.981013,37,92,0,1,22133498.023090,12,184,0,1,20185565.196696,60,152,0,12,25864349.828349,46,112,0,1,22708128.735958,64,100,0,12,26888289.028219,55,108,0,1,21123103.003108,
20,1554989151,0.998000,32,140,0,1,23082578.520741,24,84,0,1,24364643.383092,14,132,0,1,22541169.059812,25,176,0,1,19715062.496825,44,164,0,1,19905617.507675,6,172,0,1,22031887.124963,2,168,0,1,21592338.964985,85,160,0,12,22980946.452625,45,152,0,1,18995409.618655,31,108,2,1,21888315.667912,53,164,0,1,21529390.611818,54,164,0,1,18726879.112132,83,164,0,12,22402552.668665,29,168,0,1,21069339.623374,37,100,0,1,22133451.343757,12,184,0,1,20185649.952403,60,152,0,12,25864459.747270,46,112,0,1,22707980.199705,64,100,0,12,26888377.396122,55,108,0,1,21122952.599681,
20,1554989152,0.198000,32,140,0,1,23082681.093121,24,84,0,1,24364795.845645,14,132,0,1,22541227.326089,25,176,0,1,19715051.991794,44,164,0,1,19905734.214731,6,172,0,1,22031952.807583,2,168,0,1,21592323.870547,85,164,0,12,22981005.190058,45,152,0,1,18995347.111975,31,108,2,1,21888225.537538,53,164,0,1,21529539.950782,54,164,0,1,18726883.684089,83,164,0,12,22402477.336075,29,168,0,1,21069236.405336,37,100,0,1,22133405.222832,12,184,0,1,20185734.777912,60,152,0,12,25864569.893045,46,132,0,1,22707825.992131,64,100,0,12,26888465.624423,55,108,0,1,21122802.772112,
20,1554989152,0.398000,32,136,0,1,23082783.735302,24,84,0,1,24364948.151145,14,132,0,1,22541285.540016,25,176,0,1,19715041.469312,44,164,0,1,19905850.956688,6,172,0,1,22032018.437852,2,168,0,1,21592308.828459,85,164,0,12,22981064.241595,45,152,0,1,18995284.779797,31,108,2,1,21888138.478402,53,164,0,1,21529689.219944,54,164,0,1,18726888.290947,83,164,0,12,22402401.828983,29,168,0,1,21069132.960445,37,100,0,1,22133359.799915,12,184,0,1,20185819.620870,60,152,0,12,25864679.707265,46,112,0,1,22707673.564479,64,96,0,12,26888553.224516,55,108,0,1,21122653.276096,
20,1554989152,0.598000,32,136,0,1,23082886.290231,24,84,0,1,24365101.364057,14,132,0,1,22541343.666691,25,176,0,1,19715030.877030,44,164,0,1,19905967.698645,6,172,0,1,22032084.137921,2,168,0,1,21592293.821272,85,164,0,12,22981123.031379,45,152,0,1,18995222.342918,31,108,2,1,21888052.989785,53,164,0,1,21529838.611258,54,164,0,1,18726892.985055,83,164,0,12,22402326.583644,29,168,0,1,21069029.533004,37,104,0,1,22133313.382336,12,184,0,1,20185904.324227,60,152,0,12,25864789.573836,46,112,0,1,22707518.658896,64,100,0,12,26888641.016561,55,108,0,1,21122503.640479,
20,1554989152,0.798000,32,136,0,1,23082988.949862,24,84,0,1,24365254.140713,14,132,0,1,22541401.793366,25,176,0,1,19715020.284748,44,164,0,1,19906084.283550,6,172,0,1,22032149.890342,2,168,0,1,21592278.848985,85,164,0,12,22981181.733911,45,152,0,1,18995159.888588,31,112,2,1,21887966.558856,53,164,0,1,21529988.037473,54,164,0,1,18726897.626813,83,164,0,12,22402251.251054,29,168,0,1,21068926.070663,37,104,0,1,22133266.860056,12,184,0,1,20185989.184636,60,152,0,12,25864899.370606,46,128,0,1,22707368.011166,64,100,0,12,26888729.140161,55,108,0,1,21122354.894823,
20,1554989152,0.998000,32,136,0,1,23083091.574593,24,84,0,1,24365407.388526,14,132,0,1,22541459.885141,25,176,0,1,19715009.657565,44,164,0,1,19906200.990606,6,172,0,1,22032215.660212,2,168,0,1,21592263.667296,85,164,0,12,22981240.733097,45,152,0,1,18995097.556411,31,112,2,1,21887878.662110,53,164,0,1,21530137.393886,54,164,0,1,18726902.390723,83,164,0,12,22402175.970814,29,168,0,1,21068822.625773,37,104,3,1,22133220.459927,12,184,0,1,20186074.010145,60,152,0,12,25865009.219727,46,112,0,1,22707218.672203,64,100,0,12,26888817.351012,55,108,0,1,21122205.067254,
20,1554989153,0.198000,32,136,0,1,23083194.112072,24,84,0,1,24365560.182632,14,132,0,1,22541518.046717,25,176,0,1,19714999.065283,44,164,0,1,19906317.715112,6,172,0,1,22032281.325382,2,168,0,1,21592248.852061,85,164,0,12,22981299.592682,45,152,0,1,18995035.224233,31,112,2,1,21887789.753250,53,164,0,1,21530286.855001,54,164,0,1,18726907.067381,83,164,0,12,22402100.812727,29,168,0,1,21068719.128531,37,104,2,1,22133174.914858,12,184,0,1,20186158.713502,60,152,0,12,25865119.156098,46,116,0,1,22707067.012360,64,100,0,12,26888904.968555,55,108,0,1,21122055.187333,
20,1554989153,0.398000,32,136,0,1,23083296.597201,24,84,0,1,24365713.273392,14,132,0,1,22541576.208293,25,176,0,1,19714988.577702,44,164,0,1,19906434.387268,6,172,0,1,22032346.885850,2,168,0,1,21592233.792523,85,164,0,12,22981358.434816,45,152,0,1,18994972.839705,31,112,2,1,21887699.762477,53,164,0,1,21530436.176515,54,164,0,1,18726911.674238,83,164,0,12,22402025.427786,29,168,0,1,21068615.753441,37,108,2,1,22133128.619431,12,184,0,1,20186243.399408,60,152,0,12,25865229.057570,46,116,0,1,22706910.867812,64,100,0,12,26888993.894864,55,108,0,1,21121906.197374,
20,1554989153,0.598000,32,136,0,1,23083399.239382,24,84,0,1,24365866.050049,14,132,0,1,22541634.404769,25,176,0,1,19714978.159922,44,164,0,1,19906551.146675,6,176,0,1,22032412.725521,2,168,0,1,21592218.732985,85,164,0,12,22981417.329301,45,152,0,1,18994910.402825,31,112,2,1,21887612.197285,53,164,0,1,21530585.585279,54,164,0,1,18726916.315996,83,164,0,12,22401949.920694,29,168,0,1,21068512.395802,37,108,2,1,22133082.498505,12,184,0,1,20186328.172566,60,152,0,12,25865338.801989,46,116,0,1,22706761.075143,64,100,0,12,26889082.594321,55,108,0,1,21121756.963112,
20,1554989153,0.798000,32,136,0,1,23083502.003714,24,88,0,1,24366019.088458,14,132,0,1,22541692.636145,25,176,0,1,19714967.707242,44,164,0,1,19906667.906082,6,176,0,1,22032478.547743,2,168,0,1,21592203.621097,85,164,0,12,22981476.031833,45,156,0,1,18994847.965946,31,112,2,1,21887523.550179,53,164,0,1,21530735.011493,54,164,0,1,18726921.027555,83,164,0,12,22401874.640454,29,168,0,1,21068409.073062,37,108,2,1,22133036.063476,12,184,0,1,20186412.928274,60,152,0,12,25865449.017564,46,116,0,1,22706608.979045,64,100,0,12,26889170.142064,55,112,0,1,21121607.885902,
20,1554989153,0.998000,32,136,0,1,23083604.610994,24,88,0,1,24366171.917465,14,132,0,1,22541750.919873,25,176,0,1,19714957.324362,44,164,0,1,19906784.665489,6,176,0,1,22032544.352514,2,168,0,1,21592188.683710,85,164,0,12,22981534.926318,45,156,0,1,18994785.686119,31,112,2,1,21887433.053349,53,164,0,1,21530884.402807,54,164,0,1,18726925.721664,83,164,0,12,22401799.447466,29,168,0,1,21068305.663072,37,108,2,1,22132989.488845,12,184,0,1,20186497.788683,60,152,0,12,25865559.128438,46,116,0,1,22706458.785021,64,100,0,12,26889258.911321,55,112,0,1,21121457.238172,
20,1554989154,0.198000,32,136,0,1,23083707.200825,24,88,0,1,24366324.449818,14,132,0,1,22541809.098899,25,176,0,1,19714946.871682,44,164,0,1,19906901.355095,6,176,0,1,22032610.139835,2,172,0,1,21592173.781224,85,164,0,12,22981593.733552,45,156,0,1,18994723.458643,31,108,2,1,21887345.051901,53,164,0,1,21531033.951174,54,164,0,1,18726930.468123,83,164,0,12,22401724.132326,29,168,0,1,21068202.253082,37,108,2,1,22132943.647123,12,184,0,1,20186582.561840,60,152,0,12,25865669.169511,46,120,0,1,22706308.399045,64,100,0,12,26889347.855081,55,112,0,1,21121307.236101,
20,1554989154,0.398000,32,140,0,1,23083809.790655,24,88,0,1,24366476.371414,14,128,0,1,22541867.365176,25,176,0,1,19714936.192149,44,164,0,1,19907018.027251,6,180,0,1,22032675.892255,2,172,0,1,21592158.808937,85,160,0,12,22981652.628037,45,156,0,1,18994661.004314,31,108,2,1,21887257.731012,53,164,0,1,21531183.307587,54,164,0,1,18726935.197132,83,164,0,12,22401648.799736,29,168,0,1,21068098.930342,37,108,2,1,22132897.700699,12,184,0,1,20186667.387349,60,152,0,12,25865779.210584,46,120,0,1,22706154.191470,64,100,0,12,26889435.891430,55,112,0,1,21121157.774986,
20,1554989154,0.598000,32,140,0,1,23083912.397935,24,92,0,1,24366628.886317,14,128,0,1,22541925.526751,25,176,0,1,19714925.826719,44,164,0,1,19907134.751757,6,180,0,1,22032741.592325,2,172,0,1,21592143.941352,85,160,0,12,22981711.417820,45,152,0,1,18994598.654686,31,108,2,1,21887168.141594,53,164,0,1,21531332.733802,54,164,0,1,18726939.995942,83,164,0,12,22401573.327545,29,168,0,1,21067995.415651,37,108,2,1,22132851.876427,12,184,0,1,20186752.177957,60,152,0,12,25865889.216757,46,124,3,1,22706000.978559,64,100,0,12,26889523.526423,55,112,0,1,21121007.563511,
20,1554989154,0.798000,32,140,0,1,23084015.127367,24,92,0,1,24366782.395883,14,128,0,1,22541983.740678,25,176,0,1,19714915.391489,44,164,0,1,19907251.389012,6,180,0,1,22032807.414546,2,172,0,1,21592128.934165,85,164,0,12,22981770.190154,45,152,0,1,18994536.374858,31,108,2,1,21887079.616639,53,164,0,1,21531482.160016,54,164,0,1,18726944.951804,83,164,0,12,22401498.012405,29,168,0,1,21067892.127812,37,108,2,1,22132805.214545,12,184,0,1,20186837.020915,60,152,0,12,25865999.275280,46,124,0,1,22705848.132101,64,104,0,12,26889611.789624,55,112,0,1,21120858.730604,
20,1554989154,0.998000,32,140,0,1,23084117.874249,24,92,0,1,24366935.155089,14,128,0,1,22542041.972054,25,172,0,1,19714905.008610,44,164,0,1,19907368.096069,6,176,0,1,22032873.341469,2,172,0,1,21592114.084029,85,164,0,12,22981829.102089,45,156,0,1,18994474.025230,31,108,2,1,21886989.224511,53,164,0,1,21531631.551330,54,164,0,1,18726949.802964,83,164,0,12,22401422.714715,29,168,0,1,21067788.892324,37,112,2,1,22132758.971468,12,184,0,1,20186921.794073,60,152,0,12,25866109.211652,46,124,0,1,22705698.199831,64,104,0,12,26889698.953462,55,112,0,1,21120709.478892,
20,1554989155,0.198000,32,140,0,1,23084220.638581,24,92,0,1,24367088.315650,14,128,0,1,22542100.220881,25,176,0,1,19714894.625730,44,164,0,1,19907484.872926,6,176,0,1,22032939.146240,2,172,0,1,21592098.937240,85,164,0,12,22981887.734820,45,156,0,1,18994411.762854,31,108,2,1,21886899.320990,53,164,0,1,21531780.820493,54,164,0,1,18726954.479623,83,164,0,12,22401347.504277,29,168,0,1,21067685.587035,37,112,2,1,22132712.972694,12,184,0,1,20187006.532330,60,152,0,12,25866219.392327,46,124,2,1,22705545.492975,64,104,0,12,26889786.867659,55,112,0,1,21120559.145266,
20,1554989155,0.398000,32,140,0,1,23084323.368013,24,92,0,1,24367240.725851,14,128,0,1,22542158.591859,25,180,0,1,19714884.120699,44,164,0,1,19907601.632333,6,176,0,1,22033004.933561,2,172,0,1,21592083.825352,85,164,0,12,22981946.524604,45,156,0,1,18994349.378325,31,108,2,1,21886808.335554,53,164,0,1,21531930.194357,54,164,0,1,18726959.243532,83,164,0,12,22401272.171687,29,168,0,1,21067582.177045,37,112,2,1,22132667.549777,12,184,0,1,20187091.305488,60,152,0,12,25866329.520651,46,124,2,1,22705391.564604,64,104,0,12,26889875.008709,55,112,0,1,21120409.492199,
20,1554989155,0.598000,32,140,0,1,23084425.905492,24,92,0,1,24367393.136053,14,128,0,1,22542216.858136,25,180,0,1,19714873.633118,44,164,0,1,19907718.339389,6,176,0,1,22033070.633631,2,172,0,1,21592069.010117,85,160,0,12,22982005.436539,45,156,0,1,18994287.011247,31,112,2,1,21886718.274981,53,164,0,1,21532079.568220,54,164,0,1,18726964.094692,83,164,0,12,22401196.769296,29,172,0,1,21067478.871756,37,112,2,1,22132621.760406,12,184,0,1,20187176.270598,60,152,0,12,25866439.544274,46,124,2,1,22705239.014801,64,104,0,12,26889963.533663,55,112,0,1,21120260.903595,
20,1554989155,0.798000,32,140,0,1,23084528.600024,24,92,0,1,24367545.738207,14,128,0,1,22542275.176764,25,180,0,1,19714863.162987,44,164,0,1,19907835.151146,6,176,0,1,22033136.420951,2,172,0,1,21592054.037830,85,160,0,12,22982064.522976,45,152,0,1,18994224.591818,31,112,2,1,21886626.172731,53,164,0,1,21532228.976985,54,164,0,1,18726968.823701,83,164,0,12,22401121.646109,29,172,0,1,21067375.618817,37,116,2,1,22132576.703944,12,184,0,1,20187261.218258,60,152,0,12,25866549.445745,46,124,2,1,22705087.669063,64,100,0,12,26890052.826428,55,112,0,1,21120111.215627,
20,1554989155,0.998000,32,136,0,1,23084631.346906,24,92,0,1,24367699.160522,14,132,0,1,22542333.512842,25,180,0,1,19714852.605606,44,164,0,1,19907951.980354,6,176,0,1,22033202.138471,2,172,0,1,21592039.100444,85,160,0,12,22982123.469812,45,152,0,1,18994162.259640,31,116,2,1,21886533.197971,53,164,0,1,21532378.385749,54,164,0,1,18726973.605061,83,164,0,12,22401046.679973,29,172,0,1,21067272.383329,37,116,2,1,22132530.425966,12,184,0,1,20187346.043767,60,152,0,12,25866659.434468,46,140,2,1,22704939.795917,64,100,0,12,26890142.660149,55,112,0,1,21119962.068616,
20,1554989156,0.198000,32,136,0,1,23084733.936736,24,92,0,1,24367852.338533,14,132,0,1,22542391.936171,25,180,0,1,19714842.187826,44,164,0,1,19908068.792112,6,176,0,1,22033267.960693,2,172,0,1,21592024.128157,85,160,0,12,22982182.538799,45,152,0,1,18994099.822761,31,116,2,1,21886443.626004,53,164,0,1,21532527.759613,54,164,0,1,18726978.421321,83,164,0,12,22400971.486985,29,172,0,1,21067169.025689,37,116,2,1,22132483.188227,12,184,0,1,20187430.782024,60,152,0,12,25866769.353389,46,136,2,1,22704791.207313,64,100,0,12,26890230.452194,55,116,0,1,21119812.502800,
20,1554989156,0.398000,32,136,0,1,23084836.701068,24,92,0,1,24368005.795748,14,132,0,1,22542450.307149,25,180,0,1,19714831.647894,44,164,0,1,19908185.638770,6,176,0,1,22033333.748014,2,172,0,1,21592009.278022,85,160,0,12,22982241.642686,45,152,0,1,18994037.455683,31,116,2,1,21886351.977460,53,164,0,1,21532677.185827,54,164,0,1,18726983.272482,83,164,0,12,22400896.136945,29,172,0,1,21067065.633149,37,116,2,1,22132438.131765,12,184,0,1,20187515.555182,60,152,0,12,25866879.342111,46,124,2,1,22704641.013289,64,100,0,12,26890318.523443,55,116,0,1,21119663.373239,
20,1554989156,0.598000,32,136,0,1,23084939.308348,24,92,0,1,24368159.462365,14,132,0,1,22542508.643227,25,180,0,1,19714821.160313,44,164,0,1,19908302.485428,6,176,0,1,22033399.430633,2,172,0,1,21591994.358085,85,160,0,12,22982300.449920,45,152,0,1,18993975.245657,31,116,2,1,21886260.974574,53,164,0,1,21532826.542241,54,164,0,1,18726988.228344,83,164,0,12,22400820.804355,29,172,0,1,21066962.258059,37,116,2,1,22132391.626935,12,184,0,1,20187600.345790,60,152,0,12,25866989.313384,46,128,2,1,22704489.440698,64,100,0,12,26890406.873895,55,116,0,1,21119515.622245,
20,1554989156,0.798000,32,140,0,1,23085041.915629,24,96,0,1,24368312.239022,14,132,0,1,22542567.014206,25,176,0,1,19714810.620382,44,164,0,1,19908419.279735,6,176,0,1,22033465.235404,2,172,0,1,21591979.333448,85,160,0,12,22982359.361855,45,152,0,1,18993913.018180,31,116,2,1,21886172.187867,53,164,0,1,21532975.898655,54,164,0,1,18726993.184205,83,164,0,12,22400745.576466,29,172,0,1,21066858.882969,37,116,2,1,22132344.301944,12,184,0,1,20187685.223649,60,152,0,12,25867099.127604,46,128,2,1,22704337.641254,64,100,0,12,26890495.346499,55,116,0,1,21119366.876589,
20,1554989156,0.998000,32,140,0,1,23085144.575260,24,96,0,1,24368466.272094,14,132,0,1,22542625.385184,25,176,0,1,19714800.167701,44,164,0,1,19908536.143843,6,176,0,1,22033530.987825,2,172,0,1,21591964.518213,85,160,0,12,22982418.221440,45,152,0,1,18993850.686003,31,116,2,1,21886082.371596,53,164,0,1,21533125.255068,54,164,0,1,18726998.122617,83,164,0,12,22400670.470729,29,172,0,1,21066755.438079,37,116,2,1,22132298.128668,12,184,0,1,20187770.014257,60,152,0,12,25867209.186127,46,124,0,1,22704185.806909,64,100,0,12,26890583.278146,55,116,0,1,21119217.171171,
20,1554989157,0.198000,32,140,0,1,23085247.287241,24,96,0,1,24368620.008512,14,132,0,1,22542683.773612,25,176,0,1,19714789.662670,44,164,0,1,19908652.973051,6,180,0,1,22033596.914747,2,172,0,1,21591949.772779,85,160,0,12,22982476.993773,45,152,0,1,18993788.371275,31,112,2,1,21885990.042494,53,164,0,1,21533274.628932,54,164,0,1,18727003.008678,83,164,0,12,22400595.452243,29,168,0,1,21066652.080439,37,116,2,1,22132251.327184,12,184,0,1,20187854.804865,60,152,0,12,25867319.244650,46,124,0,1,22704035.246431,64,100,0,12,26890671.349395,55,116,0,1,21119069.088624,
20,1554989157,0.398000,32,140,0,1,23085349.877071,24,96,0,1,24368773.186523,14,132,0,1,22542742.039890,25,176,0,1,19714779.279791,44,164,0,1,19908769.854609,6,180,0,1,22033662.719518,2,172,0,1,21591934.835393,85,160,0,12,22982535.748656,45,156,0,1,18993725.986747,31,112,2,1,21885897.556340,53,164,0,1,21533424.055147,54,168,0,1,18727007.912189,83,164,0,12,22400520.119653,29,172,0,1,21066548.810050,37,116,0,1,22132205.153908,12,184,0,1,20187939.735075,60,152,0,12,25867429.372975,46,124,0,1,22703886.134320,64,100,0,12,26890758.740086,55,116,0,1,21118917.550933,
20,1554989157,0.598000,32,140,0,1,23085452.571603,24,96,0,1,24368926.190032,14,132,0,1,22542800.288716,25,176,0,1,19714768.774760,44,164,0,1,19908886.614016,6,180,0,1,22033728.454489,2,172,0,1,21591919.985257,85,160,0,12,22982594.782743,45,152,0,1,18993663.706919,31,112,0,1,21885809.048835,53,164,0,1,21533573.551162,54,168,0,1,18727012.902952,83,164,0,12,22400444.996466,29,168,0,1,21066445.522212,37,112,0,1,22132158.596727,12,184,0,1,20188024.787436,60,152,0,12,25867539.239546,46,124,0,1,22703734.823482,64,100,0,12,26890847.299941,55,116,0,1,21118769.834840,
20,1554989157,0.798000,32,140,0,1,23085555.161433,24,96,0,1,24369079.106290,14,128,0,1,22542858.659695,25,176,0,1,19714758.147577,44,164,0,1,19909003.443224,6,180,0,1,22033794.363961,2,172,0,1,21591905.082771,85,160,0,12,22982653.642327,45,152,0,1,18993601.374742,31,108,0,1,21885720.035275,53,164,0,1,21533722.942476,54,168,0,1,18727017.876264,83,164,0,12,22400369.838378,29,168,0,1,21066342.129672,37,112,0,1,22132112.702654,12,184,0,1,20188109.682745,60,152,0,12,25867649.175917,46,120,0,1,22703583.983800,64,100,0,12,26890935.563142,55,116,0,1,21118620.146872,
20,1554989157,0.998000,32,140,0,1,23085657.838514,24,96,0,1,24369233.540717,14,128,0,1,22542916.960872,25,176,0,1,19714747.659996,44,164,0,1,19909120.272432,6,180,0,1,22033860.255983,2,172,0,1,21591890.180286,85,160,0,12,22982712.571712,45,152,0,1,18993539.094915,31,108,0,1,21885630.096853,53,164,0,1,21533872.421041,54,168,0,1,18727022.849576,83,164,0,12,22400294.680290,29,164,0,1,21066238.841833,37,108,0,1,22132066.878382,12,184,0,1,20188194.490804,60,156,0,12,25867759.147189,46,120,0,1,22703430.805789,64,96,0,12,26891024.192798,55,116,0,1,21118470.441454,
20,1554989158,0.198000,32,140,0,1,23085760.550496,24,100,0,1,24369385.741516,14,132,0,1,22542975.227149,25,176,0,1,19714737.189866,44,168,0,1,19909237.031839,6,180,0,1,22033926.113105,2,172,0,1,21591875.434852,85,160,0,12,22982771.483648,45,152,0,1,18993476.815087,31,108,0,1,21885542.706162,53,164,0,1,21534021.917057,54,168,0,1,18727027.822888,83,164,0,12,22400219.382601,29,172,0,1,21066135.553994,37,108,0,1,22132023.933397,12,184,0,1,20188279.438464,60,152,0,12,25867868.943959,46,124,0,1,22703279.494951,64,96,0,12,26891111.286835,55,116,0,1,21118325.639547,
19,1554989158,0.398000,32,140,0,1,23085863.192676,24,100,0,1,24369539.251082,14,132,0,1,22543033.720279,25,176,0,1,19714726.806986,44,168,0,1,19909353.983198,6,180,0,1,22033991.830625,2,172,0,1,21591860.480015,85,160,0,12,22982830.378132,45,152,0,1,18993414.465460,31,108,0,1,21885454.669814,53,168,0,1,21534171.395622,54,168,0,1,18727032.761299,83,164,0,12,22400143.980210,29,172,0,1,21066032.178904,37,104,0,1,22131978.807133,12,184,0,1,20188364.229072,60,152,0,12,25867978.880331,46,124,0,1,22703128.812320,55,116,0,1,21118173.962254,
19,1554989158,0.598000,32,140,0,1,23085965.974459,24,100,0,1,24369692.621046,14,132,0,1,22543092.178508,25,176,0,1,19714716.214704,44,168,0,1,19909470.725155,6,180,0,1,22034057.652846,2,172,0,1,21591845.577529,85,160,0,12,22982889.324968,45,152,0,1,18993352.220533,31,108,0,1,21885364.399837,53,168,0,1,21534320.856737,54,168,0,1,18727037.734611,83,164,0,12,22400068.734871,29,172,0,1,21065929.117918,37,104,0,1,22131930.051225,12,184,0,1,20188449.211632,60,152,0,12,25868088.781803,46,136,0,1,22702977.466582,55,116,0,1,21118024.064884,
19,1554989158,0.798000,32,140,0,1,23086068.564289,24,100,0,1,24369846.043360,14,132,0,1,22543150.584387,25,176,0,1,19714705.831824,44,168,0,1,19909587.519462,6,180,0,1,22034123.335466,2,172,0,1,21591830.762294,85,160,0,12,22982948.341604,45,152,0,1,18993290.115208,31,108,0,1,21885272.210337,53,168,0,1,21534470.317852,54,168,0,1,18727042.795174,83,164,0,12,22399993.594233,29,172,0,1,21065825.899880,37,104,0,1,22131882.586633,12,184,0,1,20188534.037140,60,152,0,12,25868198.962477,46,120,3,1,22702826.382597,55,116,0,1,21117873.626557,
19,1554989158,0.998000,32,140,0,1,23086171.171569,24,100,0,1,24369999.011969,14,132,0,1,22543208.815764,25,176,0,1,19714695.239542,44,168,0,1,19909704.435921,6,180,0,1,22034189.227488,2,172,0,1,21591815.842358,85,160,0,12,22983007.393141,45,152,0,1,18993227.905182,31,108,3,1,21885182.917573,53,168,0,1,21534619.761516,54,168,0,1,18727047.681235,83,160,0,12,22399918.366345,29,172,0,1,21065722.716743,37,104,0,1,22131834.284430,12,184,0,1,20188619.089502,60,152,0,12,25868308.898849,46,124,2,1,22702675.979170,55,116,0,1,21117724.165442,
20,1554989159,0.198000,32,140,0,1,23086274.005703,24,100,0,1,24370150.846313,14,132,0,1,22543267.256543,25,176,0,1,19714684.751961,44,168,0,1,19909821.160427,6,180,0,1,22034255.084610,2,172,0,1,21591800.887521,85,160,0,12,22983066.409778,45,152,0,1,18993165.712606,31,108,2,1,21885094.567120,53,168,0,1,21534769.240082,54,168,0,1,18727052.654548,83,160,0,12,22399843.103555,29,172,0,1,21065619.428904,37,104,0,1,22131784.882864,12,184,0,1,20188703.967361,60,152,0,12,25868418.887572,46,124,2,1,22702525.488492,64,100,0,12,26891555.604279,55,116,0,1,21117573.186158,
20,1554989159,0.398000,32,140,0,1,23086376.735134,24,100,0,1,24370303.361216,14,132,0,1,22543325.610071,25,176,0,1,19714674.281831,44,168,0,1,19909937.867484,6,180,0,1,22034320.906831,2,172,0,1,21591786.002486,85,160,0,12,22983125.286812,45,152,0,1,18993103.554930,31,112,2,1,21885006.094516,53,168,0,1,21534918.701197,54,168,0,1,18727057.680210,83,160,0,12,22399768.102520,29,172,0,1,21065516.175965,37,108,0,1,22131736.580661,12,184,0,1,20188788.688168,60,152,0,12,25868528.771593,46,124,2,1,22702374.701161,64,96,0,12,26891643.605727,55,116,0,1,21117424.841857,
20,1554989159,0.598000,32,140,0,1,23086479.412216,24,100,0,1,24370456.434526,14,132,0,1,22543384.120651,25,176,0,1,19714663.881501,44,168,0,1,19910054.679241,6,180,0,1,22034386.659252,2,172,0,1,21591771.047649,85,160,0,12,22983184.320899,45,152,0,1,18993041.362354,31,112,2,1,21884917.796415,53,168,0,1,21535068.214662,54,168,0,1,18727062.670972,83,160,0,12,22399692.892081,29,172,0,1,21065412.940477,37,108,0,1,22131691.332246,12,184,0,1,20188873.496226,60,152,0,12,25868638.777765,46,124,2,1,22702225.152795,64,96,0,12,26891732.113231,55,116,0,1,21117273.461218,
20,1554989159,0.798000,32,140,0,1,23086582.106747,24,100,0,1,24370609.350784,14,132,0,1,22543442.509080,25,176,0,1,19714653.411370,44,168,0,1,19910171.438648,6,180,0,1,22034452.568724,2,172,0,1,21591756.040462,85,160,0,12,22983243.163033,45,152,0,1,18992979.291930,31,112,2,1,21884826.671378,53,168,0,1,21535217.658327,54,168,0,1,18727067.731536,83,160,0,12,22399617.664192,29,172,0,1,21065309.704989,37,108,0,1,22131643.762953,12,184,0,1,20188958.391535,60,152,0,12,25868748.801388,46,124,2,1,22702070.927770,64,100,0,12,26891820.149580,55,116,0,1,21117122.359783,
20,1554989159,0.998000,32,140,0,1,23086684.714027,24,100,0,1,24370762.075090,14,132,0,1,22543500.984759,25,176,0,1,19714643.098292,44,168,0,1,19910288.302756,6,180,0,1,22034518.425846,2,172,0,1,21591741.033274,85,160,0,12,22983302.214570,45,156,0,1,18992917.064453,31,112,2,1,21884739.263237,53,168,0,1,21535367.101992,54,168,0,1,18727072.792099,83,160,0,12,22399542.471204,29,172,0,1,21065206.347350,37,108,3,1,22131595.757404,12,184,0,1,20189043.339195,60,152,0,12,25868858.982063,46,124,2,1,22701917.400755,64,100,0,12,26891908.622184,55,116,0,1,21116972.113408,
20,1554989160,0.198000,32,140,0,1,23086787.600511,24,96,0,1,24370915.392703,14,132,0,1,22543559.355738,25,176,0,1,19714632.785213,44,168,0,1,19910405.062163,6,180,0,1,22034584.248067,2,172,0,1,21591726.113338,85,160,0,12,22983361.283557,45,156,0,1,18992854.941678,31,112,2,1,21884648.033499,53,168,0,1,21535516.615457,54,168,0,1,18727077.782861,83,160,0,12,22399467.470168,29,172,0,1,21065103.129312,37,108,2,1,22131549.322374,12,184,0,1,20189128.182154,60,152,0,12,25868968.778833,46,124,2,1,22701765.182505,64,100,0,12,26891996.972636,55,116,0,1,21116822.146237,
20,1554989160,0.398000,32,140,0,1,23086890.329943,24,96,0,1,24371068.605615,14,132,0,1,22543617.709266,25,176,0,1,19714622.419784,44,168,0,1,19910521.804120,6,180,0,1,22034650.209890,2,172,0,1,21591711.123601,85,160,0,12,22983420.125691,45,156,0,1,18992792.766552,31,116,2,1,21884560.433406,53,168,0,1,21535665.989321,54,168,0,1,18727082.791074,83,164,0,12,22399392.312081,29,172,0,1,21064999.789122,37,108,2,1,22131503.375951,12,184,0,1,20189213.112364,60,152,0,12,25869078.872257,46,124,2,1,22701612.772304,64,100,0,12,26892086.317751,55,116,0,1,21116673.522732,
20,1554989160,0.598000,32,140,0,1,23086992.954673,24,92,0,1,24371221.801076,14,132,0,1,22543675.958093,25,176,0,1,19714612.054354,44,168,0,1,19910638.720579,6,180,0,1,22034716.189163,2,172,0,1,21591696.238566,85,160,0,12,22983479.124877,45,156,0,1,18992730.539076,31,116,2,1,21884474.560884,53,168,0,1,21535815.380635,54,172,0,1,18727087.903987,83,164,0,12,22399317.066742,29,172,0,1,21064896.571084,37,108,2,1,22131457.272476,12,184,0,1,20189298.077474,60,152,0,12,25869188.895880,46,124,2,1,22701460.658756,64,100,0,12,26892175.453463,55,116,0,1,21116527.638912,
20,1554989160,0.798000,32,140,0,1,23087095.684105,24,92,0,1,24371375.031438,14,132,0,1,22543734.416322,25,176,0,1,19714601.688925,44,168,0,1,19910755.637038,6,180,0,1,22034782.081186,2,172,0,1,21591681.388430,85,160,0,12,22983538.176414,45,156,0,1,18992668.451201,31,116,2,1,21884389.002466,53,168,0,1,21535964.911551,54,172,0,1,18727093.104152,83,164,0,12,22399241.908654,29,172,0,1,21064793.248345,37,108,2,1,22131411.587806,12,184,0,1,20189382.868082,60,152,0,12,25869299.094005,46,124,2,1,22701309.452619,64,100,0,12,26892263.960968,55,116,0,1,21116378.928156,
20,1554989160,0.998000,32,140,0,1,23087198.378637,24,92,0,1,24371527.808095,14,132,0,1,22543792.804751,25,176,0,1,19714591.306045,44,168,0,1,19910872.570947,6,180,0,1,22034847.868506,2,172,0,1,21591666.608096,85,160,0,12,22983597.419903,45,156,0,1,18992606.276075,31,116,2,1,21884302.885642,53,168,0,1,21536114.477367,54,172,0,1,18727098.217066,83,164,0,12,22399166.698215,29,172,0,1,21064689.995407,37,108,2,1,22131366.287041,12,184,0,1,20189467.763391,60,152,0,12,25869409.100177,46,124,2,1,22701157.670625,64,100,0,12,26892353.288632,55,116,0,1,21116232.119475,
20,1554989161,0.198000,32,140,0,1,23087301.090618,24,88,0,1,24371680.445149,14,132,0,1,22543851.140829,25,176,0,1,19714580.958066,44,168,0,1,19910989.312903,6,180,0,1,22034913.586027,2,172,0,1,21591651.723060,85,160,0,12,22983656.384189,45,156,0,1,18992544.013698,31,116,2,1,21884212.161960,53,168,0,1,21536264.025733,54,172,0,1,18727103.225279,83,164,0,12,22399091.505227,29,172,0,1,21064586.777369,37,108,2,1,22131318.630496,12,184,0,1,20189552.553999,60,152,0,12,25869519.001649,46,124,2,1,22701003.812055,64,100,0,12,26892440.592072,55,120,0,1,21116083.583221,
20,1554989161,0.398000,32,140,0,1,23087403.820050,24,88,0,1,24371832.785550,14,132,0,1,22543909.546707,25,176,0,1,19714570.540286,44,168,0,1,19911106.107211,6,180,0,1,22034979.303547,2,172,0,1,21591636.750773,85,160,0,12,22983715.575328,45,156,0,1,18992481.856023,31,116,2,1,21884121.996685,53,168,0,1,21536413.469398,54,172,0,1,18727108.477794,83,164,0,12,22399016.224988,29,172,0,1,21064483.489530,37,108,2,1,22131271.392757,12,184,0,1,20189637.396958,60,152,0,12,25869628.903120,46,124,2,1,22700854.769745,64,100,0,12,26892527.773359,55,120,0,1,21115933.598600,
20,1554989161,0.598000,32,140,0,1,23087506.654183,24,92,0,1,24371986.190414,14,132,0,1,22543968.092188,25,176,0,1,19714560.192307,44,168,0,1,19911222.901518,6,180,0,1,22035045.178118,2,172,0,1,21591621.883188,85,160,0,12,22983774.574514,45,156,0,1,18992419.698347,31,116,2,1,21884031.342804,53,168,0,1,21536562.947963,54,168,0,1,18727113.520907,83,164,0,12,22398940.752796,29,172,0,1,21064380.131890,37,108,2,1,22131225.516134,12,184,0,1,20189722.239916,60,152,0,12,25869738.856942,46,124,0,1,22700701.452132,64,100,0,12,26892616.891621,55,120,0,1,21115784.207286,
20,1554989161,0.798000,32,140,0,1,23087609.488316,24,92,0,1,24372140.310737,14,132,0,1,22544026.498067,25,176,0,1,19714549.739627,44,168,0,1,19911339.765626,6,180,0,1,22035111.139942,2,172,0,1,21591606.963252,85,160,0,12,22983833.660951,45,156,0,1,18992357.523221,31,116,2,1,21883942.800399,53,168,0,1,21536712.496329,54,168,0,1,18727118.581470,83,164,0,12,22398865.507457,29,172,0,1,21064276.878952,37,108,2,1,22131178.417996,12,184,0,1,20189807.135226,60,152,0,12,25869848.967816,46,124,0,1,22700548.815078,64,100,0,12,26892705.381676,55,116,0,1,21115635.234777,
20,1554989161,0.998000,32,140,0,1,23087712.235198,24,92,0,1,24372293.785402,14,132,0,1,22544084.921396,25,176,0,1,19714539.374197,44,168,0,1,19911456.647185,6,180,0,1,22035177.014514,2,172,0,1,21591592.095666,85,160,0,12,22983892.520536,45,156,0,1,18992295.452797,31,116,2,1,21883853.263332,53,168,0,1,21536862.027245,54,168,0,1,18727123.711834,83,164,0,12,22398790.541322,29,172,0,1,21064173.713265,37,108,2,1,22131131.284958,12,184,0,1,20189892.047985,60,152,0,12,25869958.904188,46,124,0,1,22700398.760655,64,100,0,12,26892794.360336,55,116,0,1,21115483.801787,
20,1554989162,0.198000,32,140,0,1,23087815.016981,24,92,0,1,24372446.771461,14,132,0,1,22544143.309824,25,176,0,1,19714528.938967,44,168,0,1,19911573.441492,6,180,0,1,22035242.906536,2,172,0,1,21591577.332782,85,160,0,12,22983951.641873,45,156,0,1,18992233.312571,31,120,2,1,21883766.867304,53,168,0,1,21537011.575611,54,168,0,1,18727128.824748,83,164,0,12,22398715.383234,29,172,0,1,21064070.460326,37,108,2,1,22131083.453911,12,184,0,1,20189976.978195,60,152,0,12,25870068.823109,46,120,0,1,22700248.357229,64,100,0,12,26892883.513498,55,116,0,1,21115334.096369,
20,1554989162,0.398000,32,140,0,1,23087917.833664,24,88,0,1,24372599.251464,14,132,0,1,22544201.645902,25,176,0,1,19714518.730590,44,168,0,1,19911690.235799,6,180,0,1,22035308.816008,2,172,0,1,21591562.343045,85,160,0,12,22984010.309505,45,152,0,1,18992171.119995,31,120,2,1,21883678.324899,53,168,0,1,21537161.054176,54,168,0,1,18727134.042363,83,164,0,12,22398640.033194,29,172,0,1,21063967.259738,37,108,2,1,22131036.652428,12,184,0,1,20190061.821154,60,152,0,12,25870178.829282,46,120,0,1,22700095.179217,64,100,0,12,26892971.968652,55,116,0,1,21115185.734618,
20,1554989162,0.598000,32,140,0,1,23088020.615446,24,92,0,1,24372752.569077,14,132,0,1,22544260.191383,25,176,0,1,19714508.382611,44,168,0,1,19911807.065007,6,180,0,1,22035374.708030,2,172,0,1,21591547.649961,85,160,0,12,22984069.326142,45,152,0,1,18992108.875069,31,120,2,1,21883591.684568,53,168,0,1,21537310.602542,54,168,0,1,18727139.172727,83,164,0,12,22398564.962357,29,172,0,1,21063864.006800,37,108,2,1,22130990.932857,12,184,0,1,20190146.733913,60,152,0,12,25870288.818004,46,120,0,1,22699945.124795,64,100,0,12,26893061.052014,55,116,0,1,21115036.168802,
20,1554989162,0.798000,32,140,0,1,23088123.571731,24,92,0,1,24372905.624937,14,132,0,1,22544318.667062,25,176,0,1,19714498.017181,44,168,0,1,19911923.824414,6,180,0,1,22035440.634953,2,172,0,1,21591532.852177,85,160,0,12,22984128.238077,45,152,0,1,18992046.665042,31,124,2,1,21883503.840172,53,168,0,1,21537460.133458,54,168,0,1,18727144.146039,83,164,0,12,22398489.786819,29,172,0,1,21063760.858563,37,112,2,1,22130943.904520,12,184,0,1,20190231.681573,60,152,0,12,25870398.684575,46,120,3,1,22699791.876983,64,96,0,12,26893149.856172,55,116,0,1,21114887.841951,
20,1554989162,0.998000,32,140,0,1,23088226.423314,24,92,0,1,24373058.070039,14,132,0,1,22544377.212543,25,176,0,1,19714487.721553,44,168,0,1,19912040.653622,6,180,0,1,22035506.492075,2,172,0,1,21591517.810089,85,160,0,12,22984187.324514,45,152,0,1,18991984.542267,31,124,2,1,21883416.466931,53,168,0,1,21537609.751625,54,168,0,1,18727149.206602,83,164,0,12,22398414.524030,29,172,0,1,21063657.675426,37,112,2,1,22130894.974110,12,184,0,1,20190316.611783,60,152,0,12,25870508.394094,46,120,2,1,22699640.810448,64,96,0,12,26893237.962321,55,116,0,1,21114738.537888,
20,1554989163,0.198000,32,140,0,1,23088329.257447,24,88,0,1,24373210.567492,14,132,0,1,22544435.635872,25,176,0,1,19714477.338673,44,168,0,1,19912157.587531,6,180,0,1,22035572.349196,2,172,0,1,21591503.064655,85,160,0,12,22984246.376051,45,152,0,1,18991922.349691,31,124,2,1,21883326.755362,53,168,0,1,21537759.317441,54,168,0,1,18727154.441668,83,164,0,12,22398339.540444,29,172,0,1,21063554.579539,37,116,2,1,22130847.910872,12,184,0,1,20190401.350040,60,152,0,12,25870618.452617,46,116,2,1,22699488.365346,64,96,0,12,26893326.068470,55,116,0,1,21114590.909046,
20,1554989163,0.398000,32,140,0,1,23088431.899628,24,88,0,1,24373362.925343,14,132,0,1,22544494.076651,25,176,0,1,19714466.955794,44,164,0,1,19912274.399288,6,180,0,1,22035638.363370,2,172,0,1,21591488.284321,85,160,0,12,22984305.445038,45,152,0,1,18991860.209466,31,124,2,1,21883239.661325,53,168,0,1,21537908.953058,54,168,0,1,18727159.519681,83,164,0,12,22398264.504508,29,172,0,1,21063451.274250,37,116,2,1,22130801.667795,12,184,0,1,20190486.192999,60,152,0,12,25870728.528591,46,120,0,1,22699336.426300,64,96,0,12,26893415.047131,55,116,0,1,21114443.681559,
20,1554989163,0.598000,32,140,0,1,23088534.716311,24,88,0,1,24373516.522159,14,132,0,1,22544552.604681,25,176,0,1,19714456.538014,44,164,0,1,19912391.228496,6,180,0,1,22035704.325193,2,172,0,1,21591473.277133,85,160,0,12,22984364.374423,45,156,0,1,18991798.156492,31,124,2,1,21883149.949756,53,168,0,1,21538058.606125,54,168,0,1,18727164.597694,83,164,0,12,22398189.171918,29,172,0,1,21063348.073662,37,116,2,1,22130754.831411,12,184,0,1,20190571.035958,60,152,0,12,25870838.482413,46,116,0,1,22699188.431003,64,96,0,12,26893504.287544,55,116,0,1,21114293.888890,
20,1554989163,0.798000,32,140,0,1,23088637.620245,24,88,0,1,24373669.665270,14,132,0,1,22544611.080361,25,176,0,1,19714446.155134,44,164,0,1,19912508.144955,6,180,0,1,22035770.287016,2,172,0,1,21591458.409548,85,160,0,12,22984423.059506,45,152,0,1,18991735.981366,31,124,2,1,21883060.499940,53,168,0,1,21538208.154492,54,168,0,1,18727169.815309,83,164,0,12,22398113.926579,29,172,0,1,21063244.750923,37,116,2,1,22130707.401719,12,184,0,1,20190655.878916,60,152,0,12,25870948.453685,46,116,0,1,22699037.556421,64,92,0,12,26893593.039352,55,116,0,1,21114145.998294,
20,1554989163,0.998000,32,140,0,1,23088740.227525,24,88,0,1,24373822.407026,14,132,0,1,22544669.503690,25,176,0,1,19714435.824605,44,164,0,1,19912624.974163,6,180,0,1,22035836.161588,2,172,0,1,21591443.768815,85,160,0,12,22984482.023791,45,152,0,1,18991673.771340,31,124,2,1,21882970.613868,53,168,0,1,21538357.790109,54,168,0,1,18727175.050375,83,164,0,12,22398038.838292,29,172,0,1,21063141.515435,37,112,2,1,22130661.158642,12,184,0,1,20190740.791676,60,152,0,12,25871058.424957,46,116,0,1,22698883.069643,64,92,0,12,26893682.070362,55,116,0,1,21113993.221638,
20,1554989164,0.198000,32,140,0,1,23088842.939507,24,88,0,1,24373975.445436,14,132,0,1,22544727.996820,25,176,0,1,19714425.354475,44,164,0,1,19912741.838271,6,180,0,1,22035902.175762,2,172,0,1,21591429.005931,85,160,0,12,22984541.075328,45,152,0,1,18991611.683465,31,124,2,1,21882882.315766,53,168,0,1,21538507.303574,54,168,0,1,18727180.110938,83,164,0,12,22397963.784906,29,172,0,1,21063038.367198,37,112,2,1,22130615.159868,12,184,0,1,20190825.669535,60,152,0,12,25871168.500931,46,120,0,1,22698729.699679,64,92,0,12,26893770.682568,55,116,0,1,21113841.614146,
20,1554989164,0.398000,32,140,0,1,23088945.756190,24,92,0,1,24374128.850300,14,132,0,1,22544786.472499,25,176,0,1,19714415.111197,44,164,0,1,19912858.789630,6,180,0,1,22035968.032884,2,172,0,1,21591414.225597,85,160,0,12,22984600.301367,45,156,0,1,18991549.595590,31,124,2,1,21882794.052565,53,168,0,1,21538656.974092,54,168,0,1,18727185.241302,83,164,0,12,22397888.539567,29,172,0,1,21062935.306212,37,112,2,1,22130567.224120,12,184,0,1,20190910.425242,60,152,0,12,25871278.367501,46,116,0,1,22698579.924460,64,92,0,12,26893858.544414,55,116,0,1,21113690.460360,
20,1554989164,0.598000,32,140,0,1,23089048.625224,24,92,0,1,24374282.342415,14,132,0,1,22544844.983080,25,176,0,1,19714404.902819,44,164,0,1,19912975.618838,6,180,0,1,22036034.064508,2,172,0,1,21591399.375461,85,160,0,12,22984659.335454,45,152,0,1,18991487.490265,31,124,2,1,21882705.300758,53,168,0,1,21538806.557358,54,168,0,1,18727190.301865,83,164,0,12,22397813.364029,29,172,0,1,21062832.157975,37,112,2,1,22130519.131320,12,184,0,1,20190995.355452,60,152,0,12,25871388.268973,46,116,0,1,22698428.788125,64,92,0,12,26893947.959330,55,116,0,1,21113543.686579,
20,1554989164,0.798000,32,140,0,1,23089151.476807,24,92,0,1,24374435.258673,14,136,0,1,22544903.458759,25,176,0,1,19714394.711892,44,164,0,1,19913092.500396,6,180,0,1,22036100.183383,2,172,0,1,21591384.595127,85,160,0,12,22984718.317190,45,152,0,1,18991425.367490,31,124,2,1,21882616.165045,53,168,0,1,21538956.210426,54,168,0,1,18727195.397329,83,164,0,12,22397738.118690,29,172,0,1,21062728.939937,37,112,2,1,22130471.823780,12,184,0,1,20191080.338012,60,152,0,12,25871498.222795,46,120,3,1,22698275.802066,64,92,0,12,26894036.780938,55,116,0,1,21113391.922035,
20,1554989164,0.998000,32,140,0,1,23089254.363291,24,88,0,1,24374589.029992,14,136,0,1,22544961.916989,25,176,0,1,19714384.363913,44,164,0,1,19913209.329604,6,180,0,1,22036166.249907,2,172,0,1,21591369.762442,85,160,0,12,22984777.613030,45,152,0,1,18991363.331966,31,124,2,1,21882528.250848,53,168,0,1,21539105.793692,54,168,0,1,18727200.510242,83,164,0,12,22397662.838451,29,172,0,1,21062625.669548,37,112,2,1,22130424.655841,12,184,0,1,20191165.390374,60,152,0,12,25871608.124266,46,120,2,1,22698125.154336,64,92,0,12,26894125.253542,55,116,0,1,21113242.216617,
20,1554989165,0.198000,32,144,0,1,23089357.284675,24,88,0,1,24374742.016051,14,136,0,1,22545020.410118,25,176,0,1,19714374.172986,44,164,0,1,19913326.263513,6,180,0,1,22036232.229180,2,172,0,1,21591354.964657,85,160,0,12,22984836.542415,45,152,0,1,18991301.278992,31,124,2,1,21882439.307089,53,168,0,1,21539255.376959,54,168,0,1,18727205.588256,83,164,0,12,22397587.819965,29,172,0,1,21062522.486411,37,112,2,1,22130376.702643,12,184,0,1,20191250.390384,60,152,0,12,25871718.182789,46,120,2,1,22697971.923974,64,92,0,12,26894214.424155,55,116,0,1,21113093.942117,
20,1554989165,0.398000,32,144,0,1,23089460.310760,24,88,0,1,24374895.944421,14,136,0,1,22545078.850898,25,176,0,1,19714363.877358,44,164,0,1,19913443.162522,6,180,0,1,22036298.103752,2,172,0,1,21591340.184323,85,160,0,12,22984895.506701,45,152,0,1,18991239.260918,31,124,2,1,21882351.794247,53,172,0,1,21539404.907874,54,168,0,1,18727210.596468,83,164,0,12,22397512.522275,29,172,0,1,21062419.303273,37,112,2,1,22130330.058211,12,184,0,1,20191335.372945,60,152,0,12,25871828.188962,46,120,2,1,22697820.421184,64,92,0,12,26894303.716919,55,112,0,1,21112945.248812,
19,1554989165,0.598000,32,144,0,1,23089563.267045,24,92,0,1,24375049.366736,14,136,0,1,22545137.431279,25,176,0,1,19714353.459578,44,164,0,1,19913560.061531,6,180,0,1,22036364.100476,2,172,0,1,21591325.456339,85,160,0,12,22984954.558237,45,152,0,1,18991177.138143,31,124,2,1,21882263.216941,53,172,0,1,21539554.473691,54,168,0,1,18727215.761733,83,164,0,12,22397437.416538,29,172,0,1,21062316.189937,37,112,2,1,22130283.972186,12,184,0,1,20191420.320605,60,152,0,12,25871938.090433,46,120,2,1,22697668.342536,55,112,0,1,21112796.433355,
19,1554989165,0.798000,32,140,0,1,23089666.136079,24,88,0,1,24375203.120604,14,136,0,1,22545196.029110,25,176,0,1,19714343.146499,44,164,0,1,19913677.030340,6,180,0,1,22036430.044849,2,172,0,1,21591310.693455,85,160,0,12,22985013.836627,45,152,0,1,18991115.050268,31,128,2,1,21882176.489359,53,172,0,1,21539704.091857,54,168,0,1,18727220.839746,83,164,0,12,22397362.258450,29,172,0,1,21062213.006799,37,108,2,1,22130236.734446,12,184,0,1,20191505.303165,60,152,0,12,25872048.044255,46,116,0,1,22697515.426278,55,116,0,1,21112647.007140,
19,1554989165,0.998000,32,140,0,1,23089768.900411,24,88,0,1,24375355.844910,14,136,0,1,22545254.539690,25,176,0,1,19714332.868321,44,164,0,1,19913793.946799,6,180,0,1,22036496.093923,2,176,0,1,21591295.965471,85,160,0,12,22985073.132467,45,152,0,1,18991052.962393,31,128,2,1,21882087.022093,53,172,0,1,21539853.657674,54,168,0,1,18727225.987560,83,160,0,12,22397287.274864,29,172,0,1,21062109.666610,37,108,2,1,22130189.043001,12,184,0,1,20191590.268275,60,152,0,12,25872158.067878,46,116,0,1,22697362.248267,55,116,0,1,21112497.476225,
19,1554989166,0.198000,32,140,0,1,23089871.734544,24,88,0,1,24375509.441727,14,136,0,1,22545313.015370,25,176,0,1,19714322.677393,44,164,0,1,19913910.845808,6,180,0,1,22036562.125547,2,176,0,1,21591281.324738,85,160,0,12,22985132.061852,45,152,0,1,18990990.857068,31,128,1,1,21881997.450125,53,172,0,1,21540003.275841,54,168,0,1,18727231.030673,83,160,0,12,22397211.889924,29,172,0,1,21062006.518373,37,108,1,1,22130141.107253,12,184,0,1,20191675.303186,60,152,0,12,25872268.108951,46,116,0,1,22697206.976229,55,116,0,1,21112347.194949,
19,1554989166,0.398000,32,140,0,1,23089974.498876,24,88,0,1,24375662.794240,14,136,0,1,22545371.525950,25,176,0,1,19714312.311964,44,164,0,1,19914027.744816,6,180,0,1,22036628.157171,2,176,0,1,21591266.544404,85,160,0,12,22985191.183190,45,152,0,1,18990928.821544,31,128,0,1,21881908.174811,53,168,0,1,21540152.963808,54,168,0,1,18727236.056336,83,164,0,12,22397136.609684,29,172,0,1,21061903.370136,37,108,0,1,22130094.550072,12,184,0,1,20191760.198496,60,152,0,12,25872378.324526,46,120,0,1,22697053.885469,55,116,0,1,21112197.315029,
19,1554989166,0.598000,32,140,0,1,23090077.367910,24,88,0,1,24375815.413844,14,136,0,1,22545429.896928,25,176,0,1,19714301.911634,44,164,0,1,19914144.591474,6,180,0,1,22036694.118994,2,176,0,1,21591251.816420,85,160,0,12,22985250.217277,45,152,0,1,18990866.768570,31,128,0,1,21881819.388103,53,168,0,1,21540302.512174,54,168,0,1,18727241.239051,83,164,0,12,22397061.381796,29,172,0,1,21061800.204448,37,108,0,1,22130046.160618,12,184,0,1,20191845.233407,60,152,0,12,25872488.191097,46,116,0,1,22696901.318215,55,116,0,1,21112047.138455,
19,1554989166,0.798000,32,140,0,1,23090180.219493,24,84,0,1,24375968.748908,14,136,0,1,22545488.442408,25,176,0,1,19714291.598556,44,164,0,1,19914261.525383,6,180,0,1,22036760.080817,2,176,0,1,21591237.105887,85,160,0,12,22985309.321164,45,152,0,1,18990804.715596,31,128,0,1,21881732.520919,53,168,0,1,21540452.165242,54,168,0,1,18727246.386865,83,160,0,12,22396986.206258,29,172,0,1,21061697.073662,37,108,0,1,22129999.900091,12,184,0,1,20191930.146166,60,152,0,12,25872598.301971,46,116,0,1,22696750.234230,55,116,0,1,21111896.019570,
19,1554989166,0.998000,32,140,0,1,23090283.071077,24,84,0,1,24376121.385962,14,136,0,1,22545546.952989,25,176,0,1,19714281.407628,44,164,0,1,19914378.476743,6,176,0,1,22036825.920488,2,176,0,1,21591222.308102,85,160,0,12,22985368.390151,45,152,0,1,18990742.662621,31,128,0,1,21881642.163692,53,168,0,1,21540601.818309,54,168,0,1,18727251.726631,83,164,0,12,22396910.926018,29,172,0,1,21061593.873074,37,112,0,1,22129955.157733,12,184,0,1,20192015.041475,60,152,0,12,25872708.377945,46,116,0,1,22696598.068331,55,112,0,1,21111746.645706,
19,1554989167,0.198000,32,140,0,1,23090385.870309,24,84,0,1,24376275.244532,14,136,0,1,22545605.533370,25,176,0,1,19714271.112000,44,164,0,1,19914495.358301,6,180,0,1,22036891.812510,2,176,0,1,21591207.597568,85,160,0,12,22985427.546389,45,152,0,1,18990680.539846,31,128,0,1,21881553.848140,53,168,0,1,21540751.523727,54,168,0,1,18727256.752294,83,160,0,12,22396835.802831,29,172,0,1,21061490.742287,37,112,0,1,22129909.542864,12,184,0,1,20192099.954235,60,152,0,12,25872818.349217,46,116,0,1,22696449.095822,55,112,0,1,21111595.648972,
19,1554989167,0.398000,32,140,0,1,23090488.791694,24,84,0,1,24376428.370193,14,136,0,1,22545664.270802,25,176,0,1,19714260.746571,44,164,0,1,19914612.239859,6,180,0,1,22036957.739433,2,176,0,1,21591192.939385,85,160,0,12,22985486.475775,45,152,0,1,18990618.504322,31,128,0,1,21881465.654740,53,160,0,1,21540901.176794,54,168,0,1,18727261.917559,83,160,0,12,22396760.679644,29,172,0,1,21061387.559150,37,112,0,1,22129863.299787,12,184,0,1,20192184.884445,60,152,0,12,25872928.337939,46,120,0,1,22696298.343391,55,112,0,1,21111445.437498,
19,1554989167,0.598000,32,144,0,1,23090591.660727,24,84,0,1,24376580.885096,14,136,0,1,22545722.833733,25,176,0,1,19714250.555644,44,164,0,1,19914729.034167,6,180,0,1,22037023.736156,2,176,0,1,21591178.263752,85,160,0,12,22985545.719264,45,152,0,1,18990556.503699,31,128,0,1,21881376.449227,53,160,0,1,21541050.707710,54,168,0,1,18727267.013022,83,160,0,12,22396685.573907,29,172,0,1,21061284.428363,37,112,0,1,22129815.224437,12,184,0,1,20192269.797204,60,152,0,12,25873038.274311,46,120,0,1,22696145.444584,55,112,0,1,21111295.609928,
19,1554989167,0.798000,32,144,0,1,23090694.582111,24,80,0,1,24376733.295298,14,136,0,1,22545781.344313,25,176,0,1,19714240.260015,44,164,0,1,19914845.915725,6,180,0,1,22037089.645629,2,176,0,1,21591163.448518,85,160,0,12,22985604.718450,45,152,0,1,18990494.363473,31,128,0,1,21881287.278614,53,160,0,1,21541200.413128,54,168,0,1,18727272.248088,83,164,0,12,22396610.537970,29,172,0,1,21061181.297576,37,112,0,1,22129769.784070,12,184,0,1,20192354.727414,60,152,0,12,25873148.524787,46,120,0,1,22695993.191434,55,112,0,1,21111146.759571,
19,1554989167,0.998000,32,144,0,1,23090797.451145,24,80,0,1,24376887.153867,14,136,0,1,22545839.907244,25,176,0,1,19714230.121439,44,164,0,1,19914962.867084,6,180,0,1,22037155.747054,2,176,0,1,21591148.720534,85,160,0,12,22985663.769987,45,152,0,1,18990432.345399,31,128,0,1,21881198.108001,53,160,0,1,21541350.205797,54,168,0,1,18727277.570404,83,164,0,12,22396535.362432,29,172,0,1,21061078.184239,37,112,0,1,22129724.797408,12,184,0,1,20192439.657624,60,152,0,12,25873258.583310,46,120,0,1,22695840.362427,55,112,0,1,21110996.164192,
19,1554989168,0.198000,32,144,0,1,23090900.389979,24,80,0,1,24377039.913073,14,136,0,1,22545898.470175,25,176,0,1,19714219.825810,44,164,0,1,19915079.923145,6,180,0,1,22037221.691426,2,176,0,1,21591133.852948,85,160,0,12,22985722.751723,45,152,0,1,18990370.152823,31,132,0,1,21881111.589822,53,160,0,1,21541499.806514,54,168,0,1,18727282.805469,83,164,0,12,22396460.117093,29,172,0,1,21060975.018552,37,108,1,1,22129677.716721,12,184,0,1,20192524.727435,60,152,0,12,25873368.606933,46,120,0,1,22695690.744260,55,112,0,1,21110846.197020,
19,1554989168,0.398000,32,144,0,1,23091003.293913,24,80,0,1,24377192.410526,14,136,0,1,22545956.998205,25,176,0,1,19714209.687234,44,164,0,1,19915196.839604,6,180,0,1,22037287.792851,2,176,0,1,21591119.072614,85,160,0,12,22985781.942861,45,152,0,1,18990308.169650,31,132,0,1,21881022.471560,53,160,0,1,21541649.442131,54,168,0,1,18727288.162686,83,160,0,12,22396384.871754,29,172,0,1,21060871.817964,37,108,0,1,22129632.625358,12,184,0,1,20192609.797247,60,152,0,12,25873478.665456,46,120,0,1,22695538.002504,55,112,0,1,21110696.648654,
19,1554989168,0.598000,32,144,0,1,23091106.075696,24,76,0,1,24377345.012680,14,136,0,1,22546015.578586,25,176,0,1,19714199.531207,44,164,0,1,19915313.860764,6,180,0,1,22037353.789575,2,176,0,1,21591104.379530,85,160,0,12,22985841.064199,45,152,0,1,18990246.134126,31,132,0,1,21880933.196246,53,160,0,1,21541799.095198,54,168,0,1,18727293.537353,83,164,0,12,22396309.870719,29,172,0,1,21060768.652277,37,112,0,1,22129584.602359,12,184,0,1,20192694.814708,60,152,0,12,25873588.741430,46,116,0,1,22695381.735804,55,112,0,1,21110547.292241,
19,1554989168,0.798000,32,140,0,1,23091208.927279,24,76,0,1,24377498.330293,14,136,0,1,22546074.176417,25,180,0,1,19714189.375180,44,164,0,1,19915430.847024,6,180,0,1,22037419.838649,2,172,0,1,21591089.651547,85,160,0,12,22985900.011035,45,152,0,1,18990184.220753,31,132,0,1,21880845.264599,53,168,0,1,21541948.818067,54,168,0,1,18727298.842219,83,164,0,12,22396234.782432,29,172,0,1,21060665.469140,37,128,0,1,22129539.476096,12,184,0,1,20192779.901969,60,152,0,12,25873698.852304,46,116,0,1,22695229.063849,55,112,0,1,21110398.023078,
19,1554989168,0.998000,32,140,0,1,23091311.918464,24,76,0,1,24377651.386153,14,136,0,1,22546132.931300,25,176,0,1,19714179.219153,44,164,0,1,19915547.850734,6,176,0,1,22037485.835372,2,172,0,1,21591074.853762,85,160,0,12,22985959.080022,45,152,0,1,18990122.237580,31,132,0,1,21880756.442990,53,172,0,1,21542098.418783,54,168,0,1,18727304.234337,83,164,0,12,22396159.502192,29,172,0,1,21060562.373253,37,128,0,1,22129494.192781,12,184,0,1,20192865.024131,60,152,0,12,25873808.928277,46,116,0,1,22695077.735561,55,112,0,1,21110247.497500,
19,1554989169,0.198000,32,140,0,1,23091414.839849,24,76,0,1,24377804.232610,14,136,0,1,22546191.616383,25,176,0,1,19714168.871174,44,164,0,1,19915664.854444,6,176,0,1,22037551.866996,2,172,0,1,21591060.178129,85,160,0,12,22986018.201359,45,152,0,1,18990060.324207,31,132,0,1,21880668.738196,53,172,0,1,21542247.967149,54,168,0,1,18727309.556653,83,164,0,12,22396084.361555,29,172,0,1,21060459.137765,37,128,0,1,22129448.385959,12,184,0,1,20192949.971791,60,152,0,12,25873918.742497,46,116,0,1,22694924.627351,55,112,0,1,21110098.193437,
19,1554989169,0.398000,32,144,0,1,23091517.848484,24,76,0,1,24377957.567674,14,136,0,1,22546250.231664,25,176,0,1,19714158.453394,44,164,0,1,19915781.683651,6,176,0,1,22037617.776469,2,172,0,1,21591045.467595,85,160,0,12,22986077.252896,45,152,0,1,18989998.288683,31,132,0,1,21880579.532683,53,172,0,1,21542397.515515,54,168,0,1,18727314.791718,83,160,0,12,22396009.203467,29,172,0,1,21060355.937177,37,124,0,1,22129403.364398,12,184,0,1,20193034.936901,60,152,0,12,25874028.835921,46,116,0,1,22694772.531253,55,112,0,1,21109947.737660,
18,1554989169,0.598000,32,144,0,1,23091620.822219,24,76,0,1,24378110.920187,14,136,0,1,22546308.899296,25,180,0,1,19714148.157766,44,164,0,1,19915898.530309,6,172,0,1,22037683.825543,2,172,0,1,21591030.722161,85,160,0,12,22986136.391684,45,152,0,1,18989936.322960,31,132,0,1,21880491.164780,53,172,0,1,21542547.220933,54,168,0,1,18727320.131485,83,164,0,12,22395934.184981,29,172,0,1,21060252.893642,37,104,0,1,22129360.384511,12,184,0,1,20193120.251016,60,156,0,12,25874138.824644,55,112,0,1,21109797.351683,
18,1554989169,0.798000,32,144,0,1,23091723.900655,24,72,0,1,24378265.180112,14,136,0,1,22546367.514577,25,176,0,1,19714137.879588,44,164,0,1,19916015.464218,6,176,0,1,22037749.857167,2,172,0,1,21591016.116329,85,160,0,12,22986195.478121,45,152,0,1,18989874.357237,31,128,0,1,21880401.488111,53,172,0,1,21542696.856550,54,168,0,1,18727325.506152,83,164,0,12,22395858.922192,29,176,0,1,21060149.972257,37,100,0,1,22129314.612590,12,184,0,1,20193205.216126,60,152,0,12,25874248.673764,55,112,0,1,21109647.576464,
18,1554989169,0.998000,32,144,0,1,23091826.926741,24,68,0,1,24378419.858842,14,136,0,1,22546426.199660,25,176,0,1,19714127.531608,44,164,0,1,19916132.398128,6,176,0,1,22037815.836440,2,172,0,1,21591001.370895,85,160,0,12,22986254.634359,45,152,0,1,18989812.234462,31,128,0,1,21880315.737741,53,168,0,1,21542846.527068,54,168,0,1,18727330.793568,83,164,0,12,22395783.938606,29,176,0,1,21060046.841470,37,100,0,1,22129269.678280,12,184,0,1,20193290.373189,60,152,0,12,25874358.784638,55,112,0,1,21109498.656306,
18,1554989170,0.198000,32,144,0,1,23091929.848125,24,68,0,1,24378572.408646,14,136,0,1,22546484.849841,25,180,0,1,19714117.427932,44,164,0,1,19916249.384387,6,176,0,1,22037881.798263,2,172,0,1,21590986.660362,85,160,0,12,22986313.930199,45,152,0,1,18989750.286189,31,128,0,1,21880226.078522,53,164,0,1,21542996.075434,54,168,0,1,18727336.046084,83,164,0,12,22395708.832869,29,176,0,1,21059943.867736,37,104,3,1,22129224.988272,12,184,0,1,20193375.460450,60,152,0,12,25874468.651209,55,112,0,1,21109348.846187,
18,1554989170,0.398000,32,144,0,1,23092032.786959,24,72,0,1,24378725.429605,14,136,0,1,22546543.430222,25,180,0,1,19714107.202105,44,164,0,1,19916366.318296,6,176,0,1,22037947.707736,2,172,0,1,21590971.880027,85,160,0,12,22986373.191139,45,152,0,1,18989688.233214,31,128,0,1,21880140.834209,53,164,0,1,21543145.623800,54,168,0,1,18727341.333500,83,160,0,12,22395633.988885,29,176,0,1,21059840.649698,37,104,2,1,22129179.041849,12,184,0,1,20193460.495362,60,152,0,12,25874578.517780,55,112,0,1,21109199.437422,
18,1554989170,0.598000,32,144,0,1,23092135.847945,24,72,0,1,24378878.782118,14,136,0,1,22546602.097854,25,180,0,1,19714097.133329,44,164,0,1,19916483.322006,6,176,0,1,22038013.687009,2,172,0,1,21590957.274195,85,160,0,12,22986432.207775,45,152,0,1,18989626.267491,31,124,0,1,21880050.738735,53,168,0,1,21543295.259417,54,168,0,1,18727346.655816,83,160,0,12,22395558.848248,29,176,0,1,21059737.431660,37,108,2,1,22129133.845785,12,184,0,1,20193545.652424,60,152,0,12,25874688.611204,55,112,0,1,21109049.923957,
18,1554989170,0.798000,32,144,0,1,23092238.786780,24,72,0,1,24379031.855428,14,136,0,1,22546660.782937,25,180,0,1,19714086.924952,44,164,0,1,19916600.360617,6,176,0,1,22038079.753533,2,172,0,1,21590942.493860,85,160,0,12,22986491.451264,45,152,0,1,18989564.336669,31,124,0,1,21879962.423183,53,168,0,1,21543444.842684,54,168,0,1,18727352.100284,83,164,0,12,22395483.690160,29,176,0,1,21059634.440475,37,112,2,1,22129086.555695,12,184,0,1,20193630.687335,60,152,0,12,25874798.931480,55,112,0,1,21108900.445392,
18,1554989170,0.998000,32,140,0,1,23092341.760515,24,72,0,1,24379186.289855,14,136,0,1,22546719.380768,25,176,0,1,19714076.856176,44,164,0,1,19916717.294526,6,176,0,1,22038145.750257,2,172,0,1,21590927.888028,85,160,0,12,22986550.467901,45,152,0,1,18989502.353495,31,124,0,1,21879874.369384,53,168,0,1,21543594.425950,54,168,0,1,18727357.544752,83,164,0,12,22395408.444821,29,176,0,1,21059531.362038,37,112,2,1,22129041.708635,12,184,0,1,20193715.687346,60,152,0,12,25874909.007454,55,108,0,1,21108750.635272,
18,1554989171,0.198000,32,144,0,1,23092444.612098,24,76,0,1,24379339.764520,14,136,0,1,22546778.048400,25,176,0,1,19714066.595448,44,164,0,1,19916834.141184,6,176,0,1,22038211.764430,2,172,0,1,21590912.985542,85,160,0,12,22986609.606689,45,152,0,1,18989440.370322,31,124,0,1,21879787.868655,53,168,0,1,21543744.009217,54,168,0,1,18727362.919419,83,164,0,12,22395333.182032,29,176,0,1,21059428.161451,37,116,2,1,22128995.866913,12,184,0,1,20193800.722257,60,152,0,12,25875018.978726,55,108,0,1,21108601.435911,
18,1554989171,0.398000,32,144,0,1,23092547.446231,24,76,0,1,24379493.064683,14,136,0,1,22546836.663681,25,176,0,1,19714056.369621,44,164,0,1,19916951.092543,6,176,0,1,22038277.830955,2,172,0,1,21590898.275009,85,160,0,12,22986668.850178,45,152,0,1,18989378.352248,31,128,0,1,21879698.628241,53,168,0,1,21543893.505232,54,168,0,1,18727368.241735,83,164,0,12,22395258.006494,29,176,0,1,21059324.995763,37,116,2,1,22128950.304395,12,188,0,1,20193885.774618,60,156,0,12,25875128.897647,55,108,0,1,21108452.969458,
18,1554989171,0.598000,32,144,0,1,23092650.402516,24,76,0,1,24379646.085643,14,136,0,1,22546895.278963,25,176,0,1,19714046.091442,44,164,0,1,19917068.009002,6,180,0,1,22038343.880029,2,172,0,1,21590883.529575,85,160,0,12,22986727.744663,45,152,0,1,18989316.351624,31,128,0,1,21879613.261776,53,168,0,1,21544043.001247,54,168,0,1,18727373.651303,83,164,0,12,22395182.813505,29,176,0,1,21059221.864977,37,116,2,1,22128905.596937,12,188,0,1,20193970.809529,60,156,0,12,25875239.008521,55,108,0,1,21108303.700296,
18,1554989171,0.798000,32,144,0,1,23092753.463502,24,76,0,1,24379800.293217,14,136,0,1,22546954.086196,25,176,0,1,19714036.022667,44,164,0,1,19917184.925461,6,176,0,1,22038409.911653,2,172,0,1,21590868.592188,85,160,0,12,22986786.743849,45,152,0,1,18989254.263749,31,128,0,1,21879523.881761,53,168,0,1,21544192.584514,54,168,0,1,18727378.991069,83,164,0,12,22395107.742669,29,176,0,1,21059118.716740,37,120,2,1,22128858.568600,12,188,0,1,20194055.687388,60,156,0,12,25875349.049594,55,108,0,1,21108154.849938,
18,1554989171,0.998000,32,144,0,1,23092856.472137,24,80,0,1,24379953.296726,14,136,0,1,22547012.788729,25,176,0,1,19714025.918991,44,164,0,1,19917301.894270,6,176,0,1,22038475.943277,2,172,0,1,21590853.742053,85,160,0,12,22986845.900087,45,152,0,1,18989192.263126,31,128,0,1,21879436.054815,53,168,0,1,21544342.115430,54,168,0,1,18727384.383187,83,164,0,12,22395032.602031,29,176,0,1,21059015.603403,37,120,2,1,22128812.883930,12,188,0,1,20194140.844451,60,156,0,12,25875458.828914,55,108,0,1,21108005.720378,
18,1554989172,0.198000,32,144,0,1,23092959.376071,24,80,0,1,24380106.300235,14,136,0,1,22547071.491261,25,176,0,1,19714015.710613,44,164,0,1,19917418.793279,6,180,0,1,22038542.097052,2,172,0,1,21590838.996619,85,160,0,12,22986905.003975,45,152,0,1,18989130.227602,31,128,0,1,21879344.319020,53,168,0,1,21544491.681246,54,168,0,1,18727389.845105,83,164,0,12,22394957.531194,29,176,0,1,21058912.507516,37,120,2,1,22128769.973844,12,188,0,1,20194226.018964,60,156,0,12,25875568.957238,55,108,0,1,21107856.974722,
18,1554989172,0.398000,32,144,0,1,23093062.314905,24,80,0,1,24380259.914502,14,136,0,1,22547130.228694,25,176,0,1,19714005.484786,44,164,0,1,19917535.744638,6,176,0,1,22038608.181027,2,172,0,1,21590824.338436,85,160,0,12,22986964.230014,45,152,0,1,18989068.122277,31,128,0,1,21879256.666576,53,168,0,1,21544641.247062,54,168,0,1,18727395.307023,83,164,0,12,22394882.425457,29,176,0,1,21058809.463981,37,120,2,1,22128725.597941,12,188,0,1,20194311.001524,60,156,0,12,25875678.771459,55,108,0,1,21107707.880061,
18,1554989172,0.598000,32,144,0,1,23093165.271190,24,80,0,1,24380413.197214,14,136,0,1,22547188.843976,25,176,0,1,19713995.363659,44,164,0,1,19917652.713448,6,176,0,1,22038674.177750,2,172,0,1,21590809.662803,85,160,0,12,22987023.264100,45,152,0,1,18989006.174004,31,128,0,1,21879167.618115,53,168,0,1,21544790.812878,54,168,0,1,18727400.734041,83,164,0,12,22394807.406971,29,176,0,1,21058706.385545,37,124,2,1,22128678.482353,12,188,0,1,20194396.123686,60,156,0,12,25875788.795082,55,108,0,1,21107559.047154,
18,1554989172,0.798000,32,144,0,1,23093268.297276,24,80,0,1,24380567.073234,14,136,0,1,22547247.563958,25,176,0,1,19713985.190182,44,164,0,1,19917769.752058,6,176,0,1,22038740.244275,2,172,0,1,21590794.952270,85,160,0,12,22987082.263286,45,152,0,1,18988944.260631,31,128,0,1,21879080.663680,53,168,0,1,21544940.465946,54,168,0,1,18727406.143608,83,164,0,12,22394732.301234,29,176,0,1,21058603.481611,37,124,2,1,22128633.530592,12,188,0,1,20194481.245848,60,156,0,12,25875898.766354,55,108,0,1,21107409.045082,
18,1554989172,0.998000,32,144,0,1,23093371.271010,24,80,0,1,24380721.036506,14,136,0,1,22547306.214140,25,176,0,1,19713975.034156,44,164,0,1,19917886.738318,6,176,0,1,22038806.275899,2,172,0,1,21590780.259186,85,160,0,12,22987141.611477,45,152,0,1,18988882.347259,31,128,0,1,21878991.719920,53,168,0,1,21545090.241165,54,168,0,1,18727411.535726,83,164,0,12,22394657.212947,29,176,0,1,21058500.385724,37,124,2,1,22128587.392216,12,188,0,1,20194566.455261,60,156,0,12,25876008.789977,55,108,0,1,21107259.793370,
18,1554989173,0.198000,32,144,0,1,23093474.349447,24,80,0,1,24380875.348781,14,136,0,1,22547364.846872,25,176,0,1,19713964.895579,44,164,0,1,19918003.811829,6,176,0,1,22038872.412224,2,172,0,1,21590765.688254,85,160,0,12,22987200.942217,45,152,0,1,18988820.451336,31,128,0,1,21878903.020464,53,168,0,1,21545239.876782,54,168,0,1,18727417.015094,83,164,0,12,22394581.985058,29,176,0,1,21058397.254937,37,124,2,1,22128540.730334,12,188,0,1,20194651.699575,60,156,0,12,25876118.970651,55,108,0,1,21107111.082614,
18,1554989173,0.398000,32,144,0,1,23093577.358082,24,80,0,1,24381028.823446,14,136,0,1,22547423.654106,25,176,0,1,19713954.634851,44,164,0,1,19918120.920240,6,176,0,1,22038938.531099,2,172,0,1,21590751.082422,85,160,0,12,22987260.168256,45,152,0,1,18988758.555414,31,128,0,1,21878812.139730,53,168,0,1,21545389.564749,54,168,0,1,18727422.372311,83,164,0,12,22394506.844421,29,176,0,1,21058294.141601,37,124,2,1,22128496.651084,12,188,0,1,20194736.751936,60,156,0,12,25876229.029175,55,108,0,1,21106961.987954,
18,1554989173,0.598000,32,144,0,1,23093680.349267,24,84,0,1,24381182.961219,14,136,0,1,22547482.461339,25,176,0,1,19713944.583526,44,164,0,1,19918238.011201,6,176,0,1,22039004.754675,2,172,0,1,21590736.581291,85,160,0,12,22987319.533897,45,152,0,1,18988696.607141,31,128,0,1,21878721.695251,53,168,0,1,21545539.252717,54,168,0,1,18727427.799328,83,164,0,12,22394431.913186,29,176,0,1,21058191.202766,37,124,2,1,22128449.727448,12,188,0,1,20194821.961350,60,156,0,12,25876338.948096,55,108,0,1,21106812.317437,
18,1554989173,0.798000,32,144,0,1,23093783.567305,24,80,0,1,24381336.802339,14,136,0,1,22547541.163872,25,176,0,1,19713934.340248,44,164,0,1,19918355.171963,6,176,0,1,22039070.891000,2,172,0,1,21590721.923108,85,160,0,12,22987378.951888,45,152,0,1,18988634.798470,31,128,0,1,21878632.437387,53,168,0,1,21545688.923235,54,168,0,1,18727433.313597,83,164,0,12,22394356.842349,29,176,0,1,21058088.141780,37,124,2,1,22128407.201268,12,188,0,1,20194907.153313,60,156,0,12,25876449.128771,55,108,0,1,21106662.751620,
18,1554989173,0.998000,32,144,0,1,23093886.680642,24,84,0,1,24381489.544095,14,136,0,1,22547600.023456,25,176,0,1,19713924.149321,44,164,0,1,19918472.297824,6,176,0,1,22039137.027326,2,172,0,1,21590707.456878,85,160,0,12,22987438.212828,45,152,0,1,18988572.989799,31,128,0,1,21878543.005021,53,168,0,1,21545838.715904,54,168,0,1,18727438.810416,83,164,0,12,22394281.684261,29,176,0,1,21057985.255296,37,124,2,1,22128363.471022,12,188,0,1,20194992.310375,60,156,0,12,25876559.274545,55,108,0,1,21106512.766999,
18,1554989174,0.198000,32,144,0,1,23093989.759078,24,80,0,1,24381642.896608,14,136,0,1,22547658.848140,25,176,0,1,19713914.132896,44,164,0,1,19918589.353885,6,176,0,1,22039203.163651,2,172,0,1,21590692.868496,85,160,0,12,22987497.264365,45,152,0,1,18988511.093876,31,128,0,1,21878454.165963,53,168,0,1,21545988.456222,54,168,0,1,18727444.377035,83,164,0,12,22394206.630875,29,176,0,1,21057882.351362,37,124,2,1,22128317.035993,12,188,0,1,20195077.537239,60,156,0,12,25876669.298168,55,108,0,1,21106363.968992,
