obsCount, time1, time2, sat, SNR, LLI, code,P
20,1552384631,0.200000,13,152,0,1,20347840.338077,28,172,0,1,20978261.998579,30,196,0,1,22032428.072988,34,156,0,1,19577620.931012,43,164,0,1,19937380.461856,15,164,0,1,21344409.150626,44,144,0,1,19437287.927045,8,128,2,1,24160189.442565,7,92,0,1,24773261.058302,80,112,0,12,23593163.129845,78,136,0,12,24406597.761764,63,132,0,12,24728465.771557,86,148,0,12,25328818.342389,35,148,0,1,21445351.558524,60,160,0,12,26066295.300077,52,120,0,1,22296248.846731,33,100,0,1,22957205.074686,93,168,0,1,39432646.541388,20,132,0,1,23911190.278862,24,100,0,1,24519243.482456,
20,1552384631,0.400000,13,152,0,1,20347854.830482,28,172,0,1,20978265.305395,30,196,0,1,22032536.604617,34,156,0,1,19577664.364604,43,164,0,1,19937468.332427,15,164,0,1,21344351.067576,44,144,0,1,19437246.622379,8,128,2,1,24160270.114921,7,88,0,1,24773396.855896,80,112,0,12,23593161.838529,78,132,0,12,24406677.666311,63,132,0,12,24728420.854696,86,148,0,12,25328915.225998,35,148,0,1,21445240.444262,60,160,0,12,26066198.076188,52,120,0,1,22296230.524002,33,100,0,1,22957381.095033,93,168,0,1,39432653.879204,20,132,0,1,23911115.836233,24,100,0,1,24519111.724587,
21,1552384631,0.600000,13,152,0,1,20347869.366514,28,168,0,1,20978268.682012,30,196,0,1,22032645.206047,34,156,0,1,19577707.754570,43,164,0,1,19937556.272800,5,120,3,1,24471647.420263,15,164,0,1,21344292.949626,44,144,0,1,19437205.378790,8,128,2,1,24160350.560425,7,88,0,1,24773534.066958,80,116,0,12,23593158.793466,78,120,0,12,24406757.527233,63,132,0,12,24728379.427880,86,144,0,12,25329011.891479,35,148,0,1,21445129.478328,60,160,0,12,26066100.991902,52,120,0,1,22296214.844982,33,96,0,1,22957556.338844,93,168,0,1,39432661.094869,20,132,0,1,23911041.419780,24,100,0,1,24518979.268709,
21,1552384631,0.800000,13,152,0,1,20347884.085772,28,172,0,1,20978272.233131,30,196,0,1,22032753.667876,34,156,0,1,19577751.214337,43,164,0,1,19937644.091020,5,120,2,1,24471793.504761,15,164,0,1,21344234.884026,44,144,0,1,19437164.213726,8,128,2,1,24160431.049554,7,88,0,1,24773669.899453,80,116,0,12,23593155.111470,78,120,0,12,24406837.213652,63,132,0,12,24728344.152264,86,148,0,12,25329108.469709,35,148,0,1,21445018.390242,60,160,0,12,26066003.872715,52,120,0,1,22296197.900820,33,96,0,1,22957732.603494,93,168,0,1,39432668.354160,20,128,0,1,23910966.959701,24,100,0,1,24518848.400801,
21,1552384632,0.000000,13,152,0,1,20347898.482202,28,172,0,1,20978275.688274,30,196,0,1,22032862.269306,34,156,0,1,19577794.674105,43,160,0,1,19937731.891791,5,120,2,1,24471941.665835,15,164,0,1,21344176.722451,44,144,0,1,19437122.882885,8,132,2,1,24160511.547409,7,84,0,1,24773807.747448,80,112,0,12,23593144.353410,78,120,0,12,24406916.786645,63,132,0,12,24728302.446244,86,148,0,12,25329205.143915,35,148,0,1,21444907.302156,60,160,0,12,26065906.945481,52,120,0,1,22296178.025022,33,96,0,1,22957908.091608,93,168,0,1,39432675.744327,20,128,0,1,23910892.499622,24,100,0,1,24518715.944923,
21,1552384632,0.200000,13,152,0,1,20347913.175285,28,172,0,1,20978279.195768,30,196,0,1,22032970.975437,34,156,0,1,19577838.125147,43,160,0,1,19937819.544235,5,124,2,1,24472090.106112,15,164,0,1,21344118.517249,44,144,0,1,19437081.787623,8,132,0,1,24160591.966737,7,84,0,1,24773943.396716,80,112,0,12,23593144.519188,78,120,0,12,24406996.569040,63,128,0,12,24728259.274405,86,148,0,12,25329301.678520,35,148,0,1,21444796.283870,60,160,0,12,26065810.018246,52,120,0,1,22296159.300939,33,96,0,1,22958083.239444,93,168,0,1,39432683.282821,20,124,0,1,23910818.100618,24,100,0,1,24518583.192392,
21,1552384632,0.400000,13,152,0,1,20347927.877094,28,168,0,1,20978282.607286,30,196,0,1,22033079.637943,34,156,0,1,19577881.392962,43,160,0,1,19937907.528232,5,124,2,1,24472241.853206,15,168,0,1,21344060.538901,44,144,0,1,19437040.544033,8,132,0,1,24160672.447141,7,80,0,1,24774079.290287,80,112,0,12,23593145.147395,78,116,0,12,24407077.066895,63,128,0,12,24728217.891214,86,152,0,12,25329398.474878,35,148,0,1,21444685.265585,60,160,0,12,26065712.951410,52,120,0,1,22296140.794983,33,96,0,1,22958257.846322,93,168,0,1,39432690.768965,20,124,0,1,23910743.684165,24,100,0,1,24518451.155319,
21,1552384632,0.600000,13,160,0,1,20347942.474201,28,148,0,1,20978286.097329,30,196,0,1,22033188.344074,34,156,0,1,19577924.704402,43,144,0,1,19937995.189401,5,124,2,1,24472383.924153,15,164,0,1,21344002.499477,44,144,0,1,19436999.422595,8,132,0,1,24160752.814119,7,80,0,1,24774215.393260,80,144,0,12,23593152.467762,78,92,0,12,24407154.223033,63,128,0,12,24728179.064479,86,156,0,12,25329495.262510,35,156,0,1,21444574.308376,60,164,0,12,26065616.163777,52,120,0,1,22296119.950698,33,96,0,1,22958434.582128,93,160,0,1,39432698.028255,20,124,0,1,23910669.197910,24,100,0,1,24518320.025658,
21,1552384632,0.800000,13,160,0,1,20347957.263261,28,172,0,1,20978289.473946,30,188,0,1,22033297.041481,34,164,0,1,19577967.998392,43,136,0,1,19938083.278100,5,124,2,1,24472531.457019,15,164,0,1,21343944.582204,44,148,0,1,19436958.179005,8,136,0,1,24160833.460301,7,76,0,1,24774352.438545,80,160,0,12,23593153.549675,78,144,0,12,24407225.821276,63,140,0,12,24728136.215470,86,168,0,12,25329592.137394,35,156,0,1,21444463.499493,60,156,0,12,26065519.035865,52,124,0,1,22296099.813146,33,96,0,1,22958610.331996,93,148,0,1,39432705.287546,20,120,0,1,23910594.702931,24,96,0,1,24518189.306077,
21,1552384633,0.000000,13,160,0,1,20347971.729491,28,176,0,1,20978292.641161,30,184,0,1,22033405.930839,34,156,0,1,19578011.589036,43,160,0,1,19938171.227198,5,96,2,1,24472681.738294,15,164,0,1,21343886.551505,44,148,0,1,19436916.874340,8,144,0,1,24160914.062856,7,80,0,1,24774489.370403,80,132,0,12,23593159.596176,78,136,1,12,24407305.996301,63,140,0,12,24728093.488612,86,168,0,12,25329688.968652,35,156,0,1,21444352.594634,60,124,0,12,26065421.480423,52,124,0,1,22296081.202489,33,96,0,1,22958787.408080,93,156,0,1,39432712.503211,20,120,0,1,23910520.146875,24,96,0,1,24518057.958288,
19,1552384633,0.200000,13,164,0,1,20347986.457475,28,172,0,1,20978295.860726,30,208,0,1,22033515.064501,34,160,0,1,19578055.040078,43,128,0,1,19938259.280996,15,168,0,1,21343828.372479,44,124,0,1,19436875.665651,8,144,0,1,24160994.360033,7,84,0,1,24774627.052621,80,144,0,12,23593139.633127,78,144,0,12,24407388.806310,63,140,0,12,24728051.084583,86,164,0,12,25329785.956963,35,148,0,1,21444241.602524,60,124,0,12,26065324.055858,52,124,0,1,22296063.935499,33,92,0,1,22958965.051297,93,168,0,1,39432720.076605,20,120,0,1,23910445.695521,
19,1552384633,0.400000,13,168,0,1,20348001.080757,28,172,0,1,20978299.097741,30,192,0,1,22033624.006210,34,156,0,1,19578098.342794,43,140,0,1,19938347.116667,15,164,0,1,21343770.114927,44,148,0,1,19436835.818078,8,116,0,1,24161075.032390,7,84,0,1,24774763.949580,80,144,0,12,23593126.187734,78,132,0,12,24407470.141775,63,124,0,12,24728010.486651,86,168,0,12,25329882.875472,35,148,0,1,21444130.645315,60,140,0,12,26065226.046710,52,124,0,1,22296046.851736,33,120,0,1,22959142.912641,93,148,0,1,39432727.484223,20,120,0,1,23910371.610622,
20,1552384633,0.600000,13,168,0,1,20348015.590613,28,176,0,1,20978302.465634,30,192,0,1,22033732.546565,34,144,0,1,19578140.083715,43,140,0,1,19938434.969789,5,132,0,1,24473111.833811,15,164,0,1,21343711.953351,44,136,0,1,19436794.417437,8,116,0,1,24161157.214190,7,80,0,1,24774900.218330,80,156,0,12,23593128.438812,78,132,0,12,24407548.397276,63,156,0,12,24727967.637641,86,168,0,12,25329979.584579,35,148,0,1,21444019.627029,60,136,0,12,26065127.226127,52,100,0,1,22296028.851836,33,124,3,1,22959317.135615,93,152,0,1,39432734.621362,20,88,0,1,23910297.848552,
19,1552384633,0.800000,13,172,0,1,20348030.388398,28,160,0,1,20978305.667748,30,184,0,1,22033841.313772,34,160,0,1,19578183.063601,43,156,0,1,19938521.941674,15,128,0,1,21343653.826676,44,148,0,1,19436751.149622,8,132,0,1,24161239.753720,7,80,0,1,24775036.268953,80,152,0,12,23593125.350123,78,132,0,12,24407634.121471,63,156,0,12,24727923.008709,86,164,0,12,25330076.031932,35,136,0,1,21443908.652370,60,152,0,12,26065031.162678,52,100,0,1,22296012.474807,33,120,2,1,22959493.147236,93,152,0,1,39432741.767226,53,100,0,1,23562058.066836,
20,1552384634,0.000000,13,176,0,1,20348044.863354,28,156,0,1,20978309.131617,30,180,0,1,22033950.080979,34,144,0,1,19578227.465680,43,152,0,1,19938606.941685,5,140,0,1,24473423.346373,15,160,0,1,21343595.525499,44,148,0,1,19436708.527465,8,116,0,1,24161317.232687,7,84,0,1,24775171.918220,80,152,0,12,23593123.055420,78,128,0,12,24407707.621788,63,120,0,12,24727881.093286,86,160,0,12,25330172.549086,35,136,0,1,21443797.564284,60,160,0,12,26064940.936327,52,104,0,1,22295995.748773,33,136,2,1,22959669.254834,93,144,0,1,39432749.218469,53,100,0,1,23561921.832986,
20,1552384634,0.200000,13,148,0,1,20348059.312134,28,176,0,1,20978312.333732,30,188,0,1,22034059.005238,34,160,0,1,19578270.864371,43,136,3,1,19938695.562615,5,136,0,1,24473593.800100,15,160,0,1,21343537.128345,44,148,0,1,19436667.449653,8,132,3,1,24161403.236085,7,88,0,1,24775309.338685,80,140,0,12,23593113.440350,78,132,0,12,24407786.173943,63,124,0,12,24727837.389216,86,180,0,12,25330269.589747,35,136,0,1,21443686.641975,60,164,1,12,26064839.061956,52,104,0,1,22295976.684410,33,136,3,1,22959845.973189,93,144,0,1,39432756.407959,53,100,0,1,23561785.965591,
19,1552384634,0.400000,13,172,0,1,20348073.961592,28,176,3,1,20978315.675448,30,192,0,1,22034167.702645,34,152,0,1,19578313.416727,43,148,2,1,19938785.710440,15,176,0,1,21343479.106371,44,156,0,1,19436626.511442,8,116,2,1,24161486.813903,7,84,0,1,24775446.680624,80,168,1,12,23593109.278473,78,128,0,12,24407868.093990,63,124,0,12,24727793.929449,86,180,0,12,25330366.464631,35,148,0,1,21443575.745841,60,160,0,12,26064741.768267,52,100,0,1,22295961.380569,33,120,2,1,22960023.188875,93,152,0,1,39432763.684699,53,100,0,1,23561650.272697,
20,1552384634,0.600000,13,168,0,1,20348088.497623,28,180,2,1,20978319.113141,30,204,0,1,22034276.356425,34,152,0,1,19578356.379164,43,156,2,1,19938876.451572,15,168,0,1,21343420.909895,44,152,0,1,19436585.608131,8,116,2,1,24161565.610361,7,84,0,1,24775583.944036,80,160,0,12,23593107.847555,78,128,0,12,24407945.799810,63,104,0,12,24727751.726097,86,172,0,12,25330462.868359,35,148,0,1,21443464.919508,60,144,0,12,26064641.621467,52,96,0,1,22295943.441745,33,120,2,1,22960201.294522,93,152,0,1,39432770.760763,20,132,0,1,23909928.863698,53,100,0,1,23561514.553629,
20,1552384634,0.800000,13,176,0,1,20348103.251782,28,180,2,1,20978322.577009,30,196,0,1,22034385.245784,34,144,0,1,19578398.730842,43,156,2,1,19938962.053616,15,168,0,1,21343362.783220,44,144,0,1,19436543.422230,8,132,2,1,24161643.543034,7,80,0,1,24775721.233624,80,168,0,12,23593104.226635,78,112,0,12,24408021.463954,63,140,0,12,24727711.869800,86,176,0,12,25330559.795593,35,144,0,1,21443353.901223,60,148,0,12,26064541.657895,52,96,0,1,22295924.612960,33,120,2,1,22960376.555784,93,160,0,1,39432777.863001,20,132,0,1,23909860.572270,53,96,0,1,23561378.511731,
20,1552384635,0.000000,13,168,0,1,20348117.683112,28,176,2,1,20978325.918726,30,200,0,1,22034493.786138,34,152,0,1,19578442.530889,43,160,2,1,19939047.245579,15,160,0,1,21343304.656544,44,152,0,1,19436502.920275,8,144,2,1,24161721.397180,7,88,0,1,24775858.828591,80,156,0,12,23593093.032320,78,108,0,12,24408101.508103,63,148,1,12,24727670.399357,86,164,0,12,25330656.583226,35,136,0,1,21443243.162141,60,160,0,12,26064446.248829,52,96,0,1,22295906.866089,33,120,2,1,22960549.007561,93,160,0,1,39432784.895439,20,128,0,1,23909783.608085,53,96,0,1,23561242.522185,
19,1552384635,0.200000,13,168,0,1,20348132.306395,28,176,2,1,20978329.094666,30,196,0,1,22034602.405019,34,160,0,1,19578487.421574,43,168,2,1,19939135.508780,15,168,0,1,21343246.826523,44,144,0,1,19436463.700910,8,144,2,1,24161804.530017,7,112,0,1,24775995.612123,80,164,0,12,23593088.503989,78,108,1,12,24408179.292448,63,148,0,12,24727623.938153,86,164,0,12,25330752.960779,35,132,0,1,21443132.292182,60,160,0,12,26064353.047217,52,100,0,1,22295889.363521,33,120,2,1,22960723.972169,93,156,0,1,39432791.927877,20,128,0,1,23909714.487773,
19,1552384635,0.400000,13,168,0,1,20348146.868601,28,176,2,1,20978332.523634,30,200,0,1,22034711.154776,34,152,0,1,19578530.357834,43,164,2,1,19939222.515566,15,160,0,1,21343188.804549,44,144,0,1,19436420.642498,8,128,2,1,24161883.221774,7,116,0,1,24776132.526531,80,148,0,12,23593084.621315,78,132,0,12,24408266.412660,63,148,0,12,24727586.106081,86,160,0,12,25330849.713511,35,116,0,1,21443021.701428,60,152,0,12,26064253.389023,52,120,0,1,22295870.185731,33,116,2,1,22960899.390483,93,152,0,1,39432799.099916,20,128,3,1,23909638.204146,
19,1552384635,0.600000,13,156,0,1,20348161.483159,28,164,2,1,20978336.013677,30,192,0,1,22034819.808556,34,156,0,1,19578573.102143,43,160,2,1,19939311.851955,15,164,0,1,21343130.800025,44,144,0,1,19436378.535123,8,132,2,1,24161970.376887,7,112,0,1,24776269.859745,80,120,0,12,23593080.590315,78,152,0,12,24408347.835376,63,148,0,12,24727541.695276,86,152,0,12,25330946.326641,35,116,0,1,21442910.761668,60,140,0,12,26064155.484576,52,92,0,1,22295849.803877,33,116,0,1,22961075.698758,93,152,0,1,39432806.088729,20,112,0,1,23909561.431913,
20,1552384635,0.800000,13,148,0,1,20348176.202417,28,172,2,1,20978339.425195,30,192,0,1,22034928.558313,34,164,0,1,19578618.603585,43,164,2,1,19939398.666788,15,160,0,1,21343072.690800,44,144,0,1,19436337.439860,8,148,2,1,24162046.372585,7,112,0,1,24776406.529850,80,120,0,12,23593071.804130,78,140,0,12,24408421.745773,63,148,0,12,24727493.907855,86,152,0,12,25331042.931047,35,116,0,1,21442798.975573,60,148,0,12,26064058.749294,52,88,0,1,22295833.391947,33,112,0,1,22961251.300299,93,160,0,1,39432813.313119,20,112,0,1,23909487.434264,24,120,0,1,24516201.089344,
21,1552384636,0.000000,13,160,0,1,20348190.816975,28,180,2,1,20978342.906513,30,200,0,1,22035037.255720,34,164,0,1,19578662.560684,43,160,2,1,19939486.607161,15,168,0,1,21343014.773527,44,144,0,1,19436294.320372,8,128,2,1,24162124.069679,7,108,0,1,24776542.257644,80,152,0,12,23593073.915607,78,104,0,12,24408503.185940,63,156,0,12,24727455.578452,86,152,0,12,25331139.518002,35,120,0,1,21442690.548645,60,148,0,12,26063961.638833,52,92,0,1,22295813.751727,33,116,0,1,22961430.051604,93,152,0,1,39432820.572409,20,112,0,1,23909412.808408,53,100,0,1,23560564.589951,24,88,0,1,24516068.511314,
20,1552384636,0.200000,13,172,0,1,20348205.422807,28,180,2,1,20978346.291855,30,200,0,1,22035146.267230,34,156,0,1,19578702.495507,43,160,2,1,19939575.734148,15,172,0,1,21342957.109283,44,148,0,1,19436253.687540,8,128,2,1,24162207.062915,7,108,0,1,24776678.770697,80,156,1,12,23593073.051821,78,124,0,12,24408585.393915,63,156,0,12,24727417.475902,86,164,0,12,25331236.209658,35,124,0,1,21442577.977291,60,148,0,12,26063870.888975,52,120,0,1,22295795.673301,33,112,0,1,22961607.616295,93,152,0,1,39432827.962576,20,116,2,1,23909340.712834,53,100,0,1,23560428.181598,
20,1552384636,0.400000,13,172,0,1,20348220.002464,28,172,2,1,20978349.965126,30,200,0,1,22035255.008262,34,140,0,1,19578745.780772,43,132,2,1,19939664.695358,15,164,0,1,21342899.078584,44,148,0,1,19436211.649965,8,128,2,1,24162286.906386,7,108,0,1,24776816.199887,80,160,0,12,23593061.735355,78,136,0,12,24408664.382326,63,156,0,12,24727376.790719,86,164,0,12,25331333.049642,35,140,0,1,21442470.204746,60,148,0,12,26063763.683563,52,120,0,1,22295777.184796,33,116,0,1,22961782.694330,93,156,0,1,39432835.230592,20,132,2,1,23909257.143741,53,100,0,1,23560292.724283,
20,1552384636,0.600000,13,164,0,1,20348234.660647,28,168,2,1,20978353.289393,30,196,0,1,22035363.766744,34,148,0,1,19578791.133888,43,132,2,1,19939752.609555,15,152,0,1,21342841.056610,44,148,0,1,19436170.258049,8,128,0,1,24162368.992211,7,108,0,1,24776953.821029,80,156,0,12,23593055.645229,78,140,0,12,24408733.624790,63,160,0,12,24727328.409990,86,164,0,12,25331429.898350,35,140,0,1,21442359.360963,60,156,0,12,26063676.249247,52,120,0,1,22295760.074857,33,116,0,1,22961958.583799,93,148,0,1,39432842.463707,20,132,2,1,23909180.807763,53,100,0,1,23560156.839438,
20,1552384636,0.800000,13,168,0,1,20348249.222854,28,176,2,1,20978356.596209,30,200,0,1,22035472.385624,34,152,0,1,19578835.448716,43,152,2,1,19939839.904269,15,172,0,1,21342782.982285,44,144,0,1,19436128.194299,8,128,2,1,24162449.769268,7,104,0,1,24777090.395158,80,156,0,12,23593053.036421,78,140,0,12,24408827.070706,63,160,0,12,24727288.649669,86,164,0,12,25331526.624907,35,136,0,1,21442247.731920,60,156,0,12,26063573.711767,52,120,0,1,22295742.930018,33,116,0,1,22962134.063189,93,156,0,1,39432849.731723,20,116,2,1,23909113.510999,53,100,0,1,23560021.207620,
20,1552384637,0.000000,13,172,0,1,20348263.915937,28,184,2,1,20978359.990276,30,204,0,1,22035581.336059,34,152,0,1,19578880.383027,43,160,2,1,19939927.539263,15,176,0,1,21342725.309315,44,144,0,1,19436089.620593,8,132,0,1,24162529.525489,7,104,0,1,24777228.007576,80,160,0,12,23593044.023384,78,140,0,12,24408901.556960,63,148,0,12,24727244.465718,86,164,0,12,25331623.368914,35,136,0,1,21442137.865349,60,156,0,12,26063478.389953,52,120,0,1,22295719.494376,33,116,0,1,22962309.385527,93,156,0,1,39432856.912488,20,116,2,1,23909036.171634,53,96,0,1,23559884.773093,
19,1552384637,0.200000,13,168,0,1,20348278.617745,28,176,2,1,20978363.541396,30,204,0,1,22035689.876413,34,152,0,1,19578923.284387,43,160,2,1,19940015.837364,15,180,0,1,21342667.444393,44,144,0,1,19436048.132700,8,144,0,1,24162611.035456,7,104,0,1,24777366.021348,80,160,0,12,23593043.735455,78,128,0,12,24408982.491070,63,148,0,12,24727197.681684,86,164,0,12,25331719.877344,35,136,0,1,21442026.576586,60,164,0,12,26063382.841286,52,120,3,1,22295701.363600,33,116,0,1,22962484.707864,93,152,0,1,39432864.014726,20,116,2,1,23908962.671317,
19,1552384637,0.400000,13,176,0,1,20348293.241028,28,168,2,1,20978367.040164,30,204,0,1,22035798.765772,34,152,0,1,19578967.677741,43,160,2,1,19940101.866938,15,184,0,1,21342609.727798,44,144,0,1,19436005.999149,8,144,3,1,24162691.655462,7,104,0,1,24777504.436475,80,160,0,12,23593034.181461,78,128,0,12,24409062.910399,63,148,0,12,24727152.852075,86,160,0,12,25331816.342147,35,100,0,1,21441915.095870,60,168,0,12,26063286.612060,52,124,2,1,22295683.669079,33,116,0,1,22962661.679247,93,152,0,1,39432871.274017,20,116,2,1,23908890.854945,
19,1552384637,0.600000,13,168,0,1,20348308.021362,28,180,2,1,20978370.504032,30,196,0,1,22035907.698756,34,160,0,1,19579011.966394,43,152,2,1,19940190.575120,15,176,0,1,21342551.897777,44,144,0,1,19435964.886436,8,152,2,1,24162770.757299,7,100,0,1,24777641.664987,80,160,0,12,23593033.500902,78,128,0,12,24409139.464504,63,148,0,12,24727120.071841,86,164,0,12,25331913.234481,35,100,0,1,21441804.129935,60,160,0,12,26063189.292195,52,128,2,1,22295665.014796,33,128,0,1,22962836.565330,93,152,0,1,39432878.795061,20,120,0,1,23908815.269327,
19,1552384637,0.800000,13,168,0,1,20348322.644645,28,160,2,1,20978373.924275,30,188,0,1,22036016.378712,34,144,0,1,19579056.211421,43,140,2,1,19940278.716170,15,180,0,1,21342493.919428,44,144,0,1,19435924.471732,8,152,2,1,24162847.922162,7,100,0,1,24777779.155253,80,148,0,12,23593033.212974,78,128,0,12,24409213.174224,63,148,0,12,24727077.981915,86,152,0,12,25332009.716735,35,104,0,1,21441694.760695,60,160,0,12,26063092.391136,52,140,2,1,22295647.538403,33,116,0,1,22963015.115957,93,152,0,1,39432885.958375,20,116,0,1,23908739.404506,
19,1552384638,0.000000,13,156,0,1,20348337.372628,28,172,2,1,20978377.370693,30,188,0,1,22036124.980142,34,144,0,1,19579099.287283,43,132,2,1,19940366.761243,15,184,0,1,21342436.010881,44,144,0,1,19435883.271768,8,160,2,1,24162926.901847,7,96,0,1,24777916.471016,80,156,0,12,23593020.683717,78,140,0,12,24409295.094271,63,156,0,12,24727035.351033,86,152,0,12,25332106.103013,35,124,0,1,21441585.295479,60,156,0,12,26062995.751831,52,136,2,1,22295630.707668,33,112,0,1,22963192.392720,93,152,0,1,39432893.331092,24,92,0,1,24514745.261303,
18,1552384638,0.200000,13,160,0,1,20348352.083162,28,144,2,1,20978380.930538,30,192,0,1,22036233.581572,34,144,0,1,19579141.028204,43,132,2,1,19940454.780141,15,180,0,1,21342378.364086,44,144,0,1,19435841.757700,8,160,2,1,24163011.081697,7,96,0,1,24778053.472676,80,136,0,12,23593013.293550,78,140,0,12,24409385.879029,63,148,0,12,24726994.657126,86,152,0,12,25332202.655068,35,124,3,1,21441475.167155,60,156,0,12,26062898.144038,52,128,2,1,22295615.124624,33,112,0,1,22963370.681594,93,152,0,1,39432900.677634,
19,1552384638,0.400000,13,148,0,1,20348366.802421,28,164,2,1,20978384.150103,30,196,0,1,22036342.209178,34,152,0,1,19579185.290681,43,132,2,1,19940540.862066,15,180,0,1,21342320.656216,44,136,0,1,19435801.657099,8,152,2,1,24163092.399712,7,100,0,1,24778189.706525,80,160,0,12,23593014.200961,78,128,0,12,24409461.089467,63,140,0,12,24726948.579826,86,160,0,12,25332299.215847,35,120,2,1,21441364.148870,60,160,0,12,26062802.543020,52,140,2,1,22295596.173687,33,112,0,1,22963545.986482,93,152,0,1,39432907.998000,17,84,0,1,25170536.624212,
20,1552384638,0.600000,13,148,0,1,20348381.478054,28,172,2,1,20978387.701222,30,204,0,1,22036451.098536,34,152,0,1,19579228.026265,43,152,2,1,19940628.575585,15,176,0,1,21342262.782569,44,144,0,1,19435761.390722,8,156,2,1,24163170.829716,7,100,0,1,24778327.571971,80,156,0,12,23593002.151586,78,132,0,12,24409544.737086,63,124,0,12,24726901.830692,86,160,0,12,25332396.099456,35,92,0,1,21441254.762180,60,160,0,12,26062703.940564,52,132,2,1,22295578.295939,33,112,0,1,22963723.210893,93,152,0,1,39432915.283466,53,96,0,1,23558796.516439,17,84,0,1,25170413.451850,
20,1552384638,0.800000,13,148,0,1,20348396.188587,28,184,2,1,20978391.173815,30,200,0,1,22036559.822118,34,152,0,1,19579271.878662,43,152,2,1,19940716.393806,15,176,0,1,21342204.847846,44,144,0,1,19435719.990080,8,156,2,1,24163248.771113,7,96,0,1,24778464.503829,80,136,0,12,23593005.091948,78,128,0,12,24409624.502031,63,148,0,12,24726862.419376,86,168,0,12,25332492.913264,35,92,0,1,21441143.752620,60,160,0,12,26062608.182495,52,132,2,1,22295557.748308,33,112,0,1,22963900.382954,93,152,0,1,39432922.586382,53,100,0,1,23558660.753745,17,84,0,1,25170285.506854,
20,1552384639,0.000000,13,136,0,1,20348410.977647,28,164,2,1,20978394.524257,30,196,0,1,22036668.554425,34,160,0,1,19579317.057276,43,152,2,1,19940805.084537,15,180,0,1,21342146.930573,44,144,0,1,19435678.275335,8,168,2,1,24163331.685823,7,92,0,1,24778601.182660,80,136,0,12,23592997.675605,78,132,0,12,24409703.979048,63,148,0,12,24726822.406026,86,148,0,12,25332589.543845,35,92,0,1,21441033.650471,60,156,0,12,26062512.764704,52,136,2,1,22295538.971873,33,112,0,1,22964076.551627,93,144,0,1,39432929.985274,53,100,0,1,23558525.287705,17,80,0,1,25170166.313142,
22,1552384639,0.200000,13,136,0,1,20348425.635830,28,168,2,1,20978397.996851,30,196,0,1,22036777.094779,34,160,0,1,19579361.546606,43,152,2,1,19940893.382639,20,120,0,1,23908226.176152,15,180,0,1,21342089.213978,44,144,0,1,19435636.927044,8,168,2,1,24163411.939374,7,92,0,1,24778736.788302,80,136,0,12,23592996.331938,78,140,0,12,24409778.264625,63,148,0,12,24726780.010722,86,156,0,12,25332686.235502,35,120,0,1,21440921.358320,60,148,0,12,26062412.792406,52,136,2,1,22295525.386879,33,112,0,1,22964252.467272,93,152,0,1,39432937.366717,53,100,0,1,23558389.716963,17,80,0,1,25170044.327394,24,92,0,1,24513948.693764,
21,1552384639,0.400000,13,156,0,1,20348440.346363,28,176,2,1,20978401.443269,30,204,0,1,22036885.626408,34,152,0,1,19579406.262789,43,144,2,1,19940981.514964,15,184,0,1,21342031.366506,44,140,0,1,19435595.666004,8,168,2,1,24163493.431891,7,88,0,1,24778872.550996,80,148,0,12,23592993.644605,78,132,0,12,24409861.231685,63,148,0,12,24726736.987211,86,156,0,12,25332782.700305,35,120,3,1,21440810.985693,60,148,0,12,26062311.938873,52,132,2,1,22295506.776222,33,112,0,1,22964428.749371,93,152,0,1,39432944.608557,53,104,0,1,23558253.753591,17,76,0,1,25169921.329535,24,92,0,1,24513815.513702,
21,1552384639,0.600000,13,148,0,1,20348454.934745,28,156,2,1,20978404.846061,30,192,0,1,22036994.437241,34,152,0,1,19579449.399727,43,144,2,1,19941068.364698,15,180,0,1,21341973.658636,44,132,0,1,19435554.291538,8,168,2,1,24163574.217674,7,88,0,1,24779010.573493,80,136,0,12,23592987.598105,78,132,0,12,24409941.101332,63,148,0,12,24726694.591907,86,156,0,12,25332879.191284,35,120,2,1,21440700.220436,60,156,0,12,26062217.690247,52,132,2,1,22295489.003175,33,128,0,1,22964605.537527,93,152,0,1,39432951.920198,53,104,0,1,23558117.502291,17,76,0,1,25169799.596816,24,92,0,1,24513682.900772,
20,1552384639,0.800000,13,156,0,1,20348469.558028,28,156,2,1,20978408.414631,30,188,0,1,22037102.986320,34,148,0,1,19579492.554115,43,148,2,1,19941156.846027,15,180,0,1,21341915.942041,44,132,0,1,19435513.798308,8,168,2,1,24163656.687403,7,84,0,1,24779146.711367,80,136,0,12,23592981.019372,78,144,0,12,24410017.777588,63,148,0,12,24726651.681821,86,156,0,12,25332975.795690,35,96,0,1,21440590.598168,60,156,0,12,26062122.787238,52,132,2,1,22295470.008613,33,128,3,1,22964781.557874,93,152,0,1,39432959.083513,53,104,0,1,23557981.538920,17,76,0,1,25169675.787521,
20,1552384640,0.000000,13,144,0,1,20348484.181310,28,160,2,1,20978411.887224,30,196,0,1,22037211.770978,34,152,0,1,19579536.781692,43,148,2,1,19941243.896438,15,180,0,1,21341858.251621,44,144,0,1,19435473.130575,8,164,2,1,24163734.393223,7,88,0,1,24779284.323784,80,136,0,12,23592978.480366,78,132,0,12,24410090.265793,63,156,0,12,24726611.397993,86,164,0,12,25333072.574597,35,96,0,1,21440480.967175,60,156,0,12,26062026.531837,52,136,2,1,22295452.872499,33,128,2,1,22964956.906387,93,152,0,1,39432966.421329,53,104,0,1,23557844.929890,17,72,0,1,25169549.666072,
19,1552384640,0.200000,13,152,0,1,20348498.726067,28,168,2,1,20978415.298741,30,192,0,1,22037320.459659,34,168,0,1,19579580.477038,43,136,2,1,19941330.746172,15,184,0,1,21341800.631002,44,140,3,1,19435432.646070,8,172,2,1,24163815.746138,7,88,0,1,24779421.142216,80,160,0,12,23592972.887571,78,144,0,12,24410183.345254,63,156,0,12,24726569.805399,86,148,0,12,25333169.048126,35,124,0,1,21440370.533472,60,148,0,12,26061928.810617,52,136,2,1,22295435.186703,33,108,0,1,22965135.012034,93,160,0,1,39432973.715520,17,76,0,1,25169430.184431,
19,1552384640,0.400000,13,144,0,1,20348513.628553,28,160,2,1,20978418.910936,30,200,0,1,22037429.191966,34,164,0,1,19579623.448199,43,148,2,1,19941419.515429,15,184,0,1,21341742.949308,44,132,2,1,19435388.819848,8,164,2,1,24163895.598334,7,88,0,1,24779558.423079,80,152,0,12,23592965.837683,78,132,0,12,24410259.559080,63,164,0,12,24726528.029578,86,148,0,12,25333265.861934,35,124,0,1,21440261.295109,60,156,0,12,26061832.075335,52,144,2,1,22295416.418994,33,108,0,1,22965311.363935,93,152,0,1,39432980.992261,17,76,0,1,25169309.245697,
19,1552384640,0.600000,13,124,0,1,20348526.245060,28,172,2,1,20978422.348629,30,200,0,1,22037537.898097,34,160,0,1,19579666.986492,43,160,2,1,19941507.455801,15,184,0,1,21341685.250163,44,144,2,1,19435349.434707,8,164,2,1,24163977.588182,7,88,0,1,24779696.497927,80,144,0,12,23592961.361702,78,116,0,12,24410335.066172,63,156,0,12,24726485.259095,86,160,0,12,25333362.623391,35,120,0,1,21440152.615153,60,148,0,12,26061734.563519,52,144,2,1,22295396.342519,33,108,0,1,22965488.344043,93,152,0,1,39432988.539480,17,76,0,1,25169187.190149,
20,1552384640,0.800000,13,140,0,1,20348541.330773,28,172,2,1,20978425.856123,30,200,0,1,22037646.543153,34,160,0,1,19579710.786538,43,148,2,1,19941595.771353,20,108,0,1,23907634.151340,15,184,0,1,21341627.533568,44,140,2,1,19435307.021953,8,176,2,1,24164058.469941,7,84,0,1,24779834.153969,80,132,0,12,23592955.385003,78,120,0,12,24410411.044420,63,156,0,12,24726442.741639,86,160,0,12,25333459.210347,35,124,3,1,21440041.282764,60,152,0,12,26061636.711423,52,144,2,1,22295378.237918,33,108,0,1,22965663.439528,93,152,0,1,39432995.702794,17,80,0,1,25169065.274203,
20,1552384641,0.000000,13,152,0,1,20348559.138721,28,172,2,1,20978429.215290,30,204,0,1,22037755.528488,34,156,0,1,19579754.464433,43,148,2,1,19941684.008379,20,108,0,1,23907563.486683,15,180,0,1,21341569.799522,44,140,2,1,19435267.471034,8,172,2,1,24164140.503415,7,84,0,1,24779971.600609,80,144,0,12,23592950.158662,78,120,0,12,24410496.978018,63,156,0,12,24726400.913467,86,168,0,12,25333555.788577,35,136,2,1,21439930.247028,60,148,0,12,26061539.129805,52,140,2,1,22295360.464871,33,112,0,1,22965840.280034,93,152,0,1,39433003.005711,17,76,0,1,25168937.320481,
21,1552384641,0.200000,13,164,0,1,20348574.643239,28,176,2,1,20978432.504656,30,204,0,1,22037864.199719,34,156,0,1,19579798.369181,43,160,2,1,19941772.131979,20,108,0,1,23907495.605336,15,180,0,1,21341511.995676,44,144,2,1,19435225.250232,8,164,2,1,24164219.997882,7,84,0,1,24780108.122388,80,160,0,12,23592946.031686,78,88,0,12,24410581.070617,63,156,0,12,24726359.015494,86,164,0,12,25333652.628560,35,136,2,1,21439821.052291,60,148,0,12,26061442.028069,52,128,2,1,22295342.735450,33,112,0,1,22966014.215080,93,160,0,1,39433010.422053,53,108,0,1,23557030.920858,17,76,0,1,25168815.666289,
21,1552384641,0.400000,13,152,0,1,20348589.467199,28,160,2,1,20978435.968524,30,196,0,1,22037973.202504,34,156,0,1,19579842.265204,43,156,2,1,19941860.386455,20,108,0,1,23907430.341522,15,180,0,1,21341454.113304,44,144,2,1,19435185.455011,8,172,2,1,24164300.225258,7,88,0,1,24780244.958270,80,140,0,12,23592940.691919,78,120,0,12,24410656.769662,63,156,0,12,24726314.822818,86,164,0,12,25333749.398742,35,136,2,1,21439709.109144,60,148,0,12,26061345.179360,52,132,2,1,22295322.658974,33,108,0,1,22966189.179688,93,156,0,1,39433017.716244,53,108,0,1,23556894.617208,17,76,0,1,25168692.746955,
20,1552384641,0.600000,13,164,0,1,20348605.146220,28,172,2,1,20978439.676696,30,204,0,1,22038081.960986,34,160,0,1,19579886.309554,43,156,2,1,19941948.763083,15,184,0,1,21341396.562486,44,144,2,1,19435143.853692,8,164,2,1,24164379.335820,7,88,0,1,24780380.851841,80,152,0,12,23592937.734107,78,116,0,12,24410730.784760,63,156,0,12,24726273.535603,86,160,0,12,25333846.090399,35,136,2,1,21439599.722454,60,148,0,12,26061248.775632,52,128,2,1,22295305.540311,33,108,0,1,22966367.189359,93,156,0,1,39433025.036611,53,108,0,1,23556759.788100,17,72,0,1,25168568.632281,
20,1552384641,0.800000,13,152,0,1,20348615.703601,28,160,2,1,20978443.035863,30,204,0,1,22038191.190624,34,156,0,1,19579930.065975,43,148,2,1,19942036.912858,15,180,0,1,21341338.968042,44,144,2,1,19435103.587314,8,172,2,1,24164461.543796,7,88,0,1,24780516.911189,80,132,0,12,23592931.582906,78,116,0,12,24410811.919547,63,148,0,12,24726231.550379,86,168,0,12,25333942.651179,35,132,2,1,21439490.248513,60,156,0,12,26061151.935649,52,132,2,1,22295288.369296,33,112,0,1,22966541.464683,93,156,0,1,39433032.269726,53,104,0,1,23556623.737478,17,72,0,1,25168445.198166,
20,1552384642,0.000000,13,144,0,1,20348630.928916,28,160,2,1,20978446.778934,30,200,0,1,22038299.905480,34,156,0,1,19579973.726419,43,124,2,1,19942124.905581,15,184,0,1,21341281.076945,44,144,2,1,19435064.952532,8,176,2,1,24164541.893324,7,88,0,1,24780653.127588,80,132,0,12,23592935.186376,78,132,1,12,24410890.541503,63,152,0,12,24726189.748382,86,168,0,12,25334039.517337,35,116,2,1,21439380.826923,60,156,0,12,26061054.711761,52,132,2,1,22295270.535174,33,112,0,1,22966717.537380,93,156,0,1,39433039.581367,53,104,0,1,23556488.349963,17,72,0,1,25168320.821739,
20,1552384642,0.200000,13,152,0,1,20348646.599212,28,180,2,1,20978450.225352,30,196,0,1,22038408.812289,34,156,0,1,19580017.657343,43,156,0,1,19942213.029180,15,176,0,1,21341223.238198,44,144,2,1,19435023.822369,8,172,2,1,24164622.618031,7,88,0,1,24780788.899008,80,144,0,12,23592923.224251,78,116,0,12,24410969.931269,63,152,0,12,24726147.065150,86,176,0,12,25334136.392221,35,112,2,1,21439270.297243,60,156,0,12,26060957.671100,52,128,2,1,22295252.552725,33,112,0,1,22966895.337649,93,152,0,1,39433046.980259,53,100,0,1,23556351.749659,17,72,0,1,25168199.760853,
20,1552384642,0.400000,13,160,0,1,20348662.906440,28,172,2,1,20978453.619420,30,196,0,1,22038517.500970,34,156,0,1,19580061.439939,43,156,0,1,19942301.213856,15,180,0,1,21341165.617579,44,144,2,1,19434980.336426,8,168,2,1,24164704.267600,7,88,0,1,24780924.338873,80,144,0,12,23592924.410866,78,116,0,12,24411054.870204,63,160,0,12,24726105.324229,86,168,0,12,25334233.144954,35,112,2,1,21439160.125294,60,148,0,12,26060860.717690,52,128,2,1,22295235.809241,33,112,0,1,22967073.164093,93,152,0,1,39433054.274450,53,100,0,1,23556215.428558,17,72,0,1,25168078.952996,
19,1552384642,0.600000,13,144,0,1,20348675.540398,28,180,2,1,20978457.179264,30,192,0,1,22038626.163476,34,156,0,1,19580105.458113,43,160,0,1,19942389.511958,15,180,0,1,21341108.040585,44,144,2,1,19434941.518417,8,160,2,1,24164785.018482,7,92,0,1,24781060.232443,80,144,0,12,23592914.987748,78,116,0,12,24411124.208644,63,160,0,12,24726063.609483,86,172,0,12,25334329.984937,35,112,2,1,21439047.955294,60,152,0,12,26060763.938782,52,128,2,1,22295217.940218,33,108,0,1,22967249.760296,93,156,0,1,39433061.577366,17,72,0,1,25167956.112188,
20,1552384642,0.800000,13,168,0,1,20348693.461772,28,180,2,1,20978460.721658,30,192,0,1,22038735.000484,34,156,0,1,19580149.362861,43,156,0,1,19942477.696633,15,184,0,1,21341050.332715,44,144,2,1,19434903.956823,8,164,2,1,24164867.845941,7,92,0,1,24781197.007250,80,152,0,12,23592905.468655,78,112,0,12,24411203.040003,63,160,0,12,24726021.746411,86,168,0,12,25334426.632968,35,112,2,1,21438938.271950,60,152,0,12,26060667.028998,52,128,2,1,22295199.538963,33,108,0,1,22967426.295424,93,148,0,1,39433068.810482,17,76,0,1,25167830.400820,24,96,0,1,24511567.140397,
19,1552384643,0.000000,13,156,0,1,20348706.723937,28,172,2,1,20978464.264052,30,192,0,1,22038843.785142,34,156,0,1,19580193.215258,43,156,0,1,19942565.732981,15,184,0,1,21340992.633570,44,144,2,1,19434863.620645,8,168,2,1,24164946.677299,7,92,0,1,24781334.069985,80,132,0,12,23592904.264590,78,112,0,12,24411278.477294,63,164,0,12,24725979.874613,86,168,0,12,25334523.595103,35,108,0,1,21438827.192589,60,152,0,12,26060570.127939,52,132,2,1,22295182.045120,33,108,0,1,22967601.792264,93,152,0,1,39433075.999971,17,76,0,1,25167704.549849,
19,1552384643,0.200000,13,148,0,1,20348719.096142,28,172,2,1,20978467.954773,30,196,0,1,22038952.866453,34,148,0,1,19580237.146181,43,156,0,1,19942653.935107,15,184,0,1,21340934.925700,44,136,2,1,19434822.787135,8,176,2,1,24165027.777186,7,88,0,1,24781469.806504,80,136,0,12,23592901.498730,78,112,0,12,24411363.424954,63,160,0,12,24725937.976641,86,168,0,12,25334620.443811,35,108,0,1,21438717.997852,60,152,0,12,26060473.340306,52,132,2,1,22295163.992870,33,112,0,1,22967776.119939,93,152,0,1,39433083.425039,17,76,0,1,25167580.382825,
19,1552384643,0.400000,13,148,0,1,20348736.825563,28,180,2,1,20978471.261590,30,188,0,1,22039061.555134,34,148,0,1,19580280.902602,43,160,0,1,19942742.207033,15,180,0,1,21340877.086954,44,136,2,1,19434781.334143,8,152,2,1,24165108.606595,7,88,0,1,24781607.366570,80,144,0,12,23592893.122626,78,112,0,12,24411445.641655,63,160,0,12,24725895.947791,86,168,0,12,25334717.161643,35,104,0,1,21438604.693588,60,144,0,12,26060376.160044,52,132,2,1,22295146.472851,33,108,0,1,22967952.140286,93,152,0,1,39433090.631979,17,76,0,1,25167455.194963,
20,1552384643,0.600000,13,136,0,1,20348748.229280,28,172,2,1,20978474.838884,30,200,0,1,22039170.383417,34,156,0,1,19580324.842251,43,156,0,1,19942830.400434,15,184,0,1,21340819.291832,44,136,2,1,19434739.540872,8,144,2,1,24165190.448116,7,92,0,1,24781745.266916,80,132,0,12,23592886.543894,78,132,0,12,24411534.297486,63,160,0,12,24725853.971292,86,168,0,12,25334813.713698,35,104,0,1,21438492.139684,60,144,0,12,26060279.346236,52,132,2,1,22295128.813231,33,108,0,1,22968127.829078,93,152,0,1,39433097.830194,17,76,0,1,25167331.411843,24,100,0,1,24511039.288761,
20,1552384643,0.800000,13,156,0,1,20348764.335831,28,176,2,1,20978478.250402,30,196,0,1,22039279.141899,34,156,0,1,19580368.816799,43,156,0,1,19942918.593834,15,188,0,1,21340761.784640,44,136,2,1,19434698.140230,8,144,2,1,24165270.457364,7,92,0,1,24781884.528379,80,144,0,12,23592881.553131,78,128,0,12,24411611.628126,63,160,0,12,24725811.907543,86,164,0,12,25334910.353004,35,108,0,1,21438381.548929,60,144,0,12,26060182.165973,52,132,2,1,22295111.659666,33,108,0,1,22968303.081614,93,156,0,1,39433105.098209,17,76,0,1,25167207.785776,24,100,0,1,24510905.925472,
20,1552384644,0.000000,13,164,0,1,20348780.320230,28,184,2,1,20978481.784071,30,196,0,1,22039387.926556,34,148,0,1,19580412.677922,43,156,0,1,19943006.787235,15,180,0,1,21340703.928443,44,140,2,1,19434658.903415,8,160,2,1,24165351.827730,7,88,0,1,24782022.393824,80,160,0,12,23592871.336029,78,112,0,12,24411693.408571,63,160,0,12,24725769.922319,86,172,0,12,25335007.210437,35,112,0,1,21438269.309128,60,144,0,12,26060085.247464,52,116,2,1,22295093.842994,33,108,0,1,22968480.445628,93,156,0,1,39433112.278974,17,76,0,1,25167085.058394,24,100,0,1,24510772.797761,
20,1552384644,0.200000,13,156,0,1,20348795.781123,28,176,0,1,20978485.274115,30,200,0,1,22039496.807190,34,148,0,1,19580456.504143,43,160,0,1,19943094.963185,15,184,0,1,21340646.046071,44,140,2,1,19434618.977317,8,132,1,1,24165432.055106,7,88,0,1,24782161.550585,80,152,0,12,23592879.110101,78,112,0,12,24411767.031040,63,152,0,12,24725727.710242,86,164,0,12,25335103.561814,35,116,0,1,21438158.439170,60,144,0,12,26059988.442381,52,116,0,1,22295076.131023,33,108,0,1,22968658.935180,93,148,0,1,39433119.389938,17,72,0,1,25166961.318900,24,124,0,1,24510636.878015,
20,1552384644,0.400000,13,160,0,1,20348811.390343,28,176,0,1,20978488.860134,30,192,0,1,22039605.609297,34,140,0,1,19580500.469967,43,156,0,1,19943183.270012,15,188,0,1,21340588.355651,44,140,2,1,19434578.946518,8,160,0,1,24165513.233519,7,88,0,1,24782299.189178,80,160,0,12,23592871.876986,78,112,0,12,24411848.523557,63,160,0,12,24725685.349838,86,172,0,12,25335200.427973,35,116,0,1,21438046.522198,60,144,0,12,26059891.733274,52,116,0,1,22295057.747219,33,104,0,1,22968834.327318,93,156,0,1,39433126.570702,17,72,0,1,25166837.300203,24,104,0,1,24510502.363011,
20,1552384644,0.600000,13,160,0,1,20348826.894862,28,180,0,1,20978492.524680,30,188,0,1,22039714.472481,34,152,0,1,19580544.322364,43,156,0,1,19943271.445962,15,192,0,1,21340530.900809,44,144,2,1,19434537.196872,8,144,0,1,24165594.176354,7,92,0,1,24782437.412352,80,160,0,12,23592862.925024,78,108,0,12,24411925.208539,63,160,0,12,24725643.504216,86,172,0,12,25335297.093454,35,120,3,1,21437939.238260,60,144,0,12,26059794.570462,52,116,0,1,22295040.122499,33,104,0,1,22969010.417465,93,156,0,1,39433133.917244,17,72,0,1,25166714.258718,24,104,0,1,24510367.403027,
21,1552384644,0.800000,13,156,0,1,20348841.212765,28,176,0,1,20978496.032174,30,188,0,1,22039823.370565,34,152,0,1,19580588.157311,43,156,0,1,19943359.682988,15,184,0,1,21340473.288915,44,144,2,1,19434495.037146,8,132,0,1,24165675.433293,7,88,0,1,24782575.112020,80,156,0,12,23592859.879961,78,112,0,12,24412007.128586,63,168,0,12,24725601.423016,86,172,0,12,25335393.584433,35,120,2,1,21437826.710531,60,144,0,12,26059697.651953,52,116,0,1,22295022.593755,33,108,0,1,22969185.765978,93,152,0,1,39433141.176535,53,88,0,1,23554591.851574,17,72,0,1,25166588.782927,24,104,0,1,24510232.521569,
21,1552384645,0.000000,13,156,0,1,20348854.745409,28,176,0,1,20978499.626919,30,180,0,1,22039932.059246,34,160,0,1,19580631.957358,43,152,0,1,19943447.902564,15,180,0,1,21340415.537420,44,144,2,1,19434453.549253,8,144,0,1,24165756.175450,7,88,0,1,24782712.122405,80,160,0,12,23592856.241590,78,108,0,12,24412096.944857,63,168,0,12,24725559.429067,86,176,0,12,25335490.293540,35,120,2,1,21437716.451330,60,152,0,12,26059600.393164,52,120,0,1,22295003.677719,33,108,0,1,22969363.321944,93,144,0,1,39433148.400925,53,88,0,1,23554455.949278,17,72,0,1,25166463.472913,24,108,0,1,24510100.240194,
21,1552384645,0.200000,13,168,0,1,20348872.378854,28,176,0,1,20978503.125687,30,188,0,1,22040040.966055,34,152,0,1,19580675.652703,43,156,0,1,19943536.061064,15,184,0,1,21340358.021502,44,140,2,1,19434412.951322,8,116,0,1,24165837.153185,7,84,0,1,24782850.005301,80,164,0,12,23592853.196527,78,128,0,12,24412169.712265,63,160,0,12,24725517.016313,86,172,0,12,25335587.037547,35,132,2,1,21437606.279380,60,152,0,12,26059503.431029,52,120,0,1,22294986.157701,33,104,0,1,22969538.635556,93,148,0,1,39433155.485713,53,88,0,1,23554321.242323,17,72,0,1,25166338.459554,24,104,0,1,24509970.096470,
20,1552384645,0.400000,13,156,0,1,20348886.042375,28,176,0,1,20978506.868759,30,196,0,1,22040149.820513,34,152,0,1,19580719.566176,43,156,0,1,19943624.367891,15,184,0,1,21340300.671361,44,144,2,1,19434372.449366,8,120,0,1,24165919.439687,7,84,0,1,24782987.582817,80,164,0,12,23592849.374930,78,124,0,12,24412245.960991,63,164,0,12,24725474.751886,86,172,0,12,25335683.903706,35,132,2,1,21437494.144281,60,144,0,12,26059406.093715,52,120,0,1,22294967.084613,33,104,0,1,22969715.790167,93,148,0,1,39433162.448350,53,88,0,1,23554186.186362,24,104,0,1,24509836.637204,
19,1552384645,0.600000,13,164,0,1,20348900.997211,28,168,0,1,20978510.350077,30,176,0,1,22040258.770947,34,160,0,1,19580763.540725,43,156,0,1,19943712.753244,15,184,0,1,21340243.050742,44,144,2,1,19434330.970199,8,136,0,1,24166000.644275,7,84,0,1,24783124.322723,80,160,0,12,23592844.349267,78,140,1,12,24412326.493746,63,164,0,12,24725432.374032,86,172,0,12,25335780.385960,35,112,2,1,21437386.014007,60,144,0,12,26059308.991978,52,120,0,1,22294949.276665,33,100,0,1,22969893.459559,93,148,0,1,39433169.725091,24,104,0,1,24509707.444517,
19,1552384645,0.800000,13,164,0,1,20348916.318502,28,164,0,1,20978513.726695,30,180,0,1,22040367.616681,34,164,0,1,19580807.532723,43,156,0,1,19943800.990270,15,176,0,1,21340185.438848,44,144,2,1,19434288.513819,8,152,0,1,24166078.847426,7,84,0,1,24783262.484822,80,160,0,12,23592839.794760,78,140,0,12,24412407.899012,63,164,0,12,24725390.458609,86,168,0,12,25335877.321919,35,112,2,1,21437275.283650,60,144,0,12,26059211.907692,52,124,0,1,22294932.140552,33,96,0,1,22970070.029587,93,120,0,1,39433176.809879,24,104,0,1,24509575.363819,
19,1552384646,0.000000,13,164,0,1,20348929.894772,28,148,0,1,20978517.356340,30,184,0,1,22040476.549665,34,160,0,1,19580851.515997,43,156,0,1,19943889.157495,15,172,0,1,21340127.635002,44,152,2,1,19434247.008476,8,112,0,1,24166162.660822,7,84,0,1,24783401.650309,80,160,0,12,23592837.203403,78,140,0,12,24412492.096312,63,156,0,12,24725348.517011,86,168,0,12,25335974.022301,35,112,2,1,21437165.207677,60,152,0,12,26059114.727429,52,124,0,1,22294913.974875,33,96,0,1,22970246.460013,93,120,0,1,39433184.112795,24,104,0,1,24509442.497861,
19,1552384646,0.200000,13,156,0,1,20348944.352277,28,140,0,1,20978520.942360,30,184,0,1,22040585.377948,34,164,0,1,19580895.577797,43,136,0,1,19943977.577748,15,172,0,1,21340070.014383,44,144,2,1,19434206.279668,8,132,0,1,24166244.388917,7,84,0,1,24783539.149299,80,140,0,12,23592827.823911,78,148,0,12,24412567.341651,63,156,0,12,24725306.444536,86,168,0,12,25336071.115312,35,112,2,1,21437056.004214,60,144,0,12,26059017.756569,52,124,0,1,22294895.189715,33,96,0,1,22970422.558886,93,120,0,1,39433191.485512,24,104,0,1,24509312.694417,
20,1552384646,0.400000,13,156,0,1,20348959.926597,28,164,0,1,20978524.554555,30,184,0,1,22040694.293482,34,160,0,1,19580939.465095,43,148,0,1,19944065.814774,20,100,0,1,23905584.440039,15,180,0,1,21340012.402489,44,144,2,1,19434165.428708,8,132,0,1,24166322.243063,7,84,0,1,24783675.732154,80,148,0,12,23592825.241279,78,140,0,12,24412645.326674,63,164,0,12,24725264.293535,86,168,0,12,25336167.510315,35,116,2,1,21436945.849714,60,144,0,12,26058920.776984,52,128,0,1,22294877.634796,33,96,0,1,22970598.387280,93,136,0,1,39433198.884405,24,100,0,1,24509180.421766,
19,1552384646,0.600000,13,156,0,1,20348975.230437,28,156,0,1,20978528.323802,30,184,0,1,22040803.191566,34,164,0,1,19580983.631596,43,148,0,1,19944154.139051,20,96,0,1,23905513.461278,15,172,0,1,21339954.616093,44,144,2,1,19434125.397908,8,132,0,1,24166402.801993,7,84,0,1,24783811.189469,80,148,0,12,23592820.032389,78,140,0,12,24412724.445962,63,164,0,12,24725222.159984,86,164,0,12,25336264.149621,35,116,2,1,21436835.285135,60,144,0,12,26058823.937001,52,128,0,1,22294858.762386,33,92,0,1,22970775.576791,93,136,0,1,39433206.065169,
19,1552384646,0.800000,13,140,0,1,20348988.771806,28,136,0,1,20978531.796395,30,188,0,1,22040912.237976,34,164,0,1,19581027.684670,43,136,0,1,19944242.419703,20,96,0,1,23905442.499968,15,168,0,1,21339896.925673,44,136,2,1,19434084.529499,8,108,0,1,24166485.158296,7,88,0,1,24783948.435431,80,128,0,12,23592809.963613,78,140,0,12,24412805.510948,63,156,0,12,24725179.729779,86,164,0,12,25336360.797652,35,116,2,1,21436724.066172,60,144,0,12,26058727.018491,52,132,0,1,22294843.624322,33,88,0,1,22970951.570962,93,120,0,1,39433213.071432,
19,1552384647,0.000000,13,148,0,1,20349003.429989,28,136,0,1,20978535.277713,30,180,0,1,22041021.040084,34,164,0,1,19581071.606868,43,120,0,1,19944330.787605,20,96,0,1,23905368.135865,15,172,0,1,21339838.973500,44,136,2,1,19434043.373160,8,128,0,1,24166563.762802,7,88,0,1,24784086.597530,80,140,0,12,23592808.244767,78,140,0,12,24412886.593385,63,160,0,12,24725137.439177,86,160,0,12,25336457.419508,35,136,2,1,21436611.320315,60,144,0,12,26058629.908030,52,140,0,1,22294827.151316,33,88,0,1,22971127.774535,93,136,0,1,39433220.191121,
19,1552384647,0.200000,13,152,0,1,20349017.808969,28,156,0,1,20978539.038235,30,180,0,1,22041129.868367,34,164,0,1,19581115.668668,43,136,0,1,19944421.441486,20,96,0,1,23905289.435383,15,168,0,1,21339781.213280,44,136,2,1,19434002.801404,8,140,0,1,24166642.088104,7,88,0,1,24784223.712616,80,136,0,12,23592803.175478,78,144,0,12,24412965.093189,63,160,0,12,24725095.296901,86,160,0,12,25336553.936662,35,132,2,1,21436501.157091,60,144,0,12,26058532.841193,52,140,0,1,22294811.123291,33,84,0,1,22971303.280100,93,136,3,1,39433227.371885,
18,1552384647,0.400000,13,160,0,1,20349033.112810,28,160,0,1,20978542.851108,30,180,0,1,22041238.644299,34,164,0,1,19581159.608317,43,136,0,1,19944509.730863,15,176,0,1,21339723.444334,44,136,2,1,19433962.316899,8,128,3,1,24166725.124965,7,88,0,1,24784361.761289,80,136,0,12,23592797.224954,78,144,0,12,24413038.235777,63,164,0,12,24725053.111000,86,164,0,12,25336650.863896,35,132,2,1,21436387.460197,60,144,0,12,26058435.407903,52,140,0,1,22294793.071041,33,76,0,1,22971480.705189,93,148,2,1,39433234.482849,
18,1552384647,0.600000,13,168,0,1,20349048.626053,28,176,0,1,20978546.175374,30,188,0,1,22041347.533658,34,160,0,1,19581203.373463,43,156,0,1,19944599.355181,15,180,0,1,21339665.692838,44,148,2,1,19433921.317612,8,140,2,1,24166807.359116,7,88,0,1,24784497.820637,80,156,0,12,23592792.557021,78,144,0,12,24413124.570729,63,164,0,12,24725011.064700,86,172,0,12,25336747.590453,35,132,2,1,21436277.960081,60,152,0,12,26058338.358517,52,128,0,1,22294773.413371,33,76,0,1,22971657.789999,93,148,2,1,39433241.619988,
18,1552384647,0.800000,13,164,0,1,20349062.987583,28,180,0,1,20978550.031873,30,184,0,1,22041456.423016,34,160,0,1,19581247.417812,43,156,0,1,19944686.998900,15,180,0,1,21339608.229271,44,148,2,1,19433880.780756,8,104,2,1,24166885.745495,7,92,0,1,24784636.750545,80,160,0,12,23592787.923988,78,144,0,12,24413207.328387,63,164,0,12,24724968.939874,86,168,0,12,25336844.543863,35,132,2,1,21436169.445902,60,152,0,12,26058241.344031,52,128,0,1,22294757.917578,33,76,0,1,22971834.787557,93,148,2,1,39433249.036331,
19,1552384648,0.000000,13,152,0,1,20349078.029670,28,160,0,1,20978553.870920,30,180,0,1,22041565.443252,34,164,0,1,19581291.296385,43,140,0,1,19944774.363415,15,176,0,1,21339550.730804,44,148,2,1,19433839.938522,8,124,2,1,24166970.187098,7,92,0,1,24784772.155510,80,144,0,12,23592784.294343,78,144,0,12,24413286.613451,63,164,0,12,24724926.684172,86,168,0,12,25336941.392571,35,132,2,1,21436059.230326,60,152,0,12,26058144.285920,52,132,0,1,22294741.427122,33,76,0,1,22972011.122008,93,156,2,1,39433256.426498,24,104,0,1,24508127.615230,
18,1552384648,0.200000,13,160,0,1,20349093.324786,28,176,0,1,20978557.430765,30,176,0,1,22041674.262810,34,164,0,1,19581335.209858,43,148,0,1,19944861.492352,15,172,0,1,21339492.979308,44,148,0,1,19433799.200988,8,136,2,1,24167050.746028,80,152,0,12,23592778.640472,78,144,0,12,24413359.764764,63,160,0,12,24724884.358669,86,168,0,12,25337038.031877,35,128,2,1,21435949.634234,60,144,0,12,26058047.114383,52,132,0,1,22294724.003079,33,76,0,1,22972187.072553,93,148,2,1,39433263.441485,24,104,0,1,24507996.668796,
18,1552384648,0.400000,13,160,0,1,20349108.646077,28,168,0,1,20978561.095311,30,176,0,1,22041782.968941,34,164,0,1,19581379.097155,43,140,0,1,19944950.174359,15,172,0,1,21339435.131836,44,148,0,1,19433758.437280,8,140,2,1,24167130.903604,80,152,0,12,23592774.783974,78,144,0,12,24413441.082779,63,160,0,12,24724842.294919,86,168,0,12,25337134.566482,35,132,2,1,21435837.717262,60,144,0,12,26057950.056272,52,132,0,1,22294708.376409,33,76,0,1,22972363.773458,93,148,2,1,39433270.421572,24,104,0,1,24507863.846463,
18,1552384648,0.600000,13,144,0,1,20349123.374061,28,152,0,1,20978564.690055,30,180,0,1,22041891.771049,34,164,0,1,19581423.045529,43,132,0,1,19945038.856365,15,176,0,1,21339377.301815,44,140,0,1,19433717.760822,8,140,2,1,24167209.918189,80,132,0,12,23592768.466995,78,132,0,12,24413520.917525,63,160,0,12,24724800.353321,86,168,0,12,25337231.389015,35,132,2,1,21435728.609776,60,148,0,12,26057853.085412,52,132,0,1,22294690.158382,33,76,0,1,22972539.802529,93,156,2,1,39433277.619787,24,104,0,1,24507727.237434,
18,1552384648,0.800000,13,160,0,1,20349138.337623,28,176,0,1,20978568.459303,30,184,0,1,22042000.712758,34,160,0,1,19581466.880476,43,152,0,1,19945125.994028,15,184,0,1,21339319.602670,44,148,0,1,19433677.075639,8,152,2,1,24167293.714135,80,156,0,12,23592763.694361,78,136,0,12,24413602.549643,63,156,0,12,24724758.010367,86,168,0,12,25337328.037046,35,132,2,1,21435615.602166,60,148,0,12,26057756.306504,52,128,0,1,22294672.664539,33,76,0,1,22972717.035666,93,144,2,1,39433284.905253,24,104,0,1,24507595.566816,
19,1552384649,0.000000,13,148,0,1,20349153.179033,28,176,0,1,20978572.324526,30,184,0,1,22042109.645742,34,164,0,1,19581510.977176,43,160,0,1,19945214.117627,15,188,0,1,21339262.051852,44,148,0,1,19433636.407907,8,152,2,1,24167373.383104,80,152,0,12,23592760.291568,78,136,0,12,24413683.413952,63,164,0,12,24724715.902992,86,168,0,12,25337424.798503,35,132,2,1,21435505.473842,60,148,0,12,26057659.440345,52,112,0,1,22294657.421774,33,76,0,1,22972894.068125,93,144,2,1,39433292.269245,5,116,0,1,24484563.443227,24,104,0,1,24507464.576756,
20,1552384649,0.200000,13,148,0,1,20349168.221121,28,124,0,1,20978575.858195,30,176,0,1,22042218.543826,34,164,0,1,19581555.178577,43,152,0,1,19945305.556768,20,104,0,1,23904539.163271,15,176,0,1,21339204.422508,44,136,0,1,19433595.809975,8,144,2,1,24167452.484941,80,128,0,12,23592747.692511,78,120,0,12,24413761.355350,63,164,0,12,24724673.795617,86,168,0,12,25337521.315658,35,132,2,1,21435394.473007,60,148,0,12,26057562.600362,52,112,0,1,22294642.475662,33,76,0,1,22973070.498551,93,152,2,1,39433299.563436,5,116,0,1,24484710.365335,24,104,0,1,24507330.681236,
20,1552384649,0.400000,13,148,0,1,20349183.158507,28,164,0,1,20978580.735531,30,176,0,1,22042327.145256,34,164,0,1,19581599.284003,43,152,0,1,19945394.352201,20,104,0,1,23904478.288187,15,180,0,1,21339146.548860,44,136,0,1,19433555.063717,8,152,2,1,24167532.956620,80,128,0,12,23592748.713349,78,120,0,12,24413842.298185,63,160,0,12,24724631.775492,86,168,0,12,25337617.928788,35,132,2,1,21435283.873527,60,148,0,12,26057465.812729,52,112,0,1,22294626.622139,33,76,0,1,22973247.583361,93,136,2,1,39433306.752926,5,132,0,1,24484860.053303,24,100,0,1,24507198.495836,
20,1552384649,0.600000,13,148,0,1,20349198.113344,28,144,0,1,20978582.105373,30,176,0,1,22042436.156766,34,156,0,1,19581643.398153,43,152,0,1,19945481.943569,20,104,0,1,23904411.183374,15,184,0,1,21339089.172544,44,136,0,1,19433514.465785,8,140,2,1,24167617.310973,80,124,0,12,23592747.116654,78,116,0,12,24413916.322008,63,160,0,12,24724589.685567,86,164,0,12,25337714.829847,35,132,2,1,21435173.300222,60,148,0,12,26057369.025097,52,112,0,1,22294607.173872,33,76,0,1,22973424.511118,93,136,2,1,39433313.907515,5,116,0,1,24485004.986086,24,104,0,1,24507067.636654,
20,1552384649,0.800000,13,148,0,1,20349213.042005,28,144,0,1,20978586.459202,30,176,0,1,22042545.211902,34,152,0,1,19581687.381427,43,136,0,1,19945570.616851,20,100,0,1,23904337.848834,15,180,0,1,21339031.455949,44,136,0,1,19433473.667176,8,128,2,1,24167697.904803,80,124,0,12,23592740.154017,78,116,0,12,24413993.905677,63,160,0,12,24724547.490941,86,168,0,12,25337811.818157,35,132,2,1,21435064.524290,60,148,0,12,26057272.289815,52,112,0,1,22294588.973295,33,76,0,1,22973600.688517,93,148,2,1,39433321.149355,5,116,0,1,24485162.352150,24,104,0,1,24506937.676157,
20,1552384650,0.000000,13,156,0,1,20349227.909590,28,152,0,1,20978590.882832,30,180,0,1,22042654.109986,34,160,0,1,19581731.478127,43,156,0,1,19945661.148580,20,100,0,1,23904273.911236,15,184,0,1,21338973.704454,44,140,0,1,19433432.903468,8,128,0,1,24167777.556322,80,140,0,12,23592744.542747,78,132,0,12,24414077.596921,63,156,0,12,24724505.322489,86,164,0,12,25337908.806468,35,136,2,1,21434953.444929,60,156,0,12,26057175.371305,52,116,0,1,22294573.686904,33,76,0,1,22973776.769939,93,124,2,1,39433328.260319,5,116,0,1,24485306.037242,24,104,0,1,24506804.173266,
20,1552384650,0.200000,13,156,0,1,20349242.881877,28,144,0,1,20978595.035984,30,176,0,1,22042762.981894,34,160,0,1,19581775.557377,43,140,0,1,19945749.882937,20,96,0,1,23904202.374069,15,180,0,1,21338916.092560,44,128,0,1,19433392.183385,8,128,2,1,24167858.909237,80,124,0,12,23592743.513184,78,132,0,12,24414165.781596,63,156,0,12,24724463.180214,86,164,0,12,25338005.690076,35,136,2,1,21434842.923975,60,148,0,12,26057078.618573,52,112,0,1,22294555.852781,33,80,0,1,22973953.156740,93,128,2,1,39433335.493434,5,116,0,1,24485452.706323,24,104,0,1,24506673.244282,
20,1552384650,0.400000,13,148,0,1,20349257.897790,28,160,0,1,20978600.175073,30,192,0,1,22042872.054480,34,164,0,1,19581819.723878,43,140,0,1,19945837.107851,20,96,0,1,23904137.965315,15,172,0,1,21338858.358514,44,132,0,1,19433351.454576,8,136,2,1,24167941.457492,80,124,0,12,23592731.088629,78,132,0,12,24414242.265901,63,156,0,12,24724421.221165,86,164,0,12,25338102.338107,35,136,2,1,21434733.074854,60,140,0,12,26056981.857116,52,112,0,1,22294538.062284,33,80,0,1,22974129.604616,93,140,2,1,39433342.726550,5,112,0,1,24485595.126275,24,104,0,1,24506542.350199,
18,1552384650,0.600000,13,164,0,1,20349272.835176,28,184,0,1,20978604.171173,30,192,0,1,22042981.057265,34,160,0,1,19581863.872929,43,156,0,1,19945926.548942,15,180,0,1,21338800.668095,44,148,0,1,19433310.795569,8,136,2,1,24168023.927222,80,156,0,12,23592728.087191,78,132,0,12,24414325.311487,63,156,0,12,24724379.139965,86,156,0,12,25338199.361318,35,136,2,1,21434622.423023,60,148,0,12,26056884.790279,52,116,0,1,22294519.146248,33,84,0,1,22974305.747114,93,140,2,1,39433349.811338,24,104,0,1,24506412.407153,
19,1552384650,0.800000,13,152,0,1,20349287.885989,28,176,0,1,20978606.849782,30,200,0,1,22043090.077501,34,160,0,1,19581907.943454,43,156,0,1,19946014.916844,15,180,0,1,21338743.091101,44,148,0,1,19433270.258713,8,140,2,1,24168104.555953,7,92,0,1,24786683.591285,80,148,1,12,23592721.953440,78,136,0,12,24414403.488462,63,160,0,12,24724337.084940,86,156,0,12,25338296.000624,35,136,2,1,21434512.888007,60,148,0,12,26056787.784519,52,116,0,1,22294500.779894,33,84,0,1,22974481.828536,93,128,2,1,39433356.869951,24,104,0,1,24506280.780160,
19,1552384651,0.000000,13,148,0,1,20349302.962977,28,184,0,1,20978610.575403,30,196,0,1,22043199.376940,34,160,0,1,19581952.048879,43,148,0,1,19946100.257134,15,176,0,1,21338685.348331,44,148,0,1,19433229.739308,8,140,2,1,24168184.931655,7,88,0,1,24786821.718484,80,140,0,12,23592711.640361,78,136,0,12,24414477.992167,63,164,0,12,24724295.186967,86,168,0,12,25338393.233237,35,140,2,1,21434400.595855,60,148,0,12,26056690.892185,52,116,0,1,22294481.506129,33,84,0,1,22974657.944859,93,128,2,1,39433364.041991,24,104,0,1,24506149.048467,
19,1552384651,0.200000,13,164,0,1,20349317.917813,28,180,0,1,20978615.950070,30,184,0,1,22043308.240123,34,152,0,1,19581996.136855,43,152,0,1,19946190.160656,15,180,0,1,21338627.945839,44,148,0,1,19433189.054125,8,160,2,1,24168264.696601,7,88,0,1,24786957.638230,80,156,0,12,23592702.705850,78,144,0,12,24414567.145329,63,156,0,12,24724253.053417,86,156,0,12,25338489.933619,35,140,2,1,21434289.595020,60,156,0,12,26056594.034751,52,132,0,1,22294462.965272,33,84,0,1,22974834.645764,93,132,2,1,39433371.126779,24,104,0,1,24506017.857730,
19,1552384651,0.400000,13,164,0,1,20349333.090778,28,180,0,1,20978616.491027,30,196,0,1,22043417.417410,34,160,0,1,19582040.189929,43,152,0,1,19946277.568797,15,180,0,1,21338570.438647,44,148,0,1,19433148.499819,8,144,2,1,24168342.637998,7,88,0,1,24787093.723753,80,164,0,12,23592703.752863,78,144,0,12,24414640.514770,63,160,0,12,24724210.989667,86,156,0,12,25338586.773602,35,136,2,1,21434178.882114,60,156,0,12,26056497.133692,52,120,0,1,22294448.106412,33,88,0,1,22975010.997664,93,128,2,1,39433378.290093,24,100,0,1,24505886.440140,
19,1552384651,0.600000,13,164,0,1,20349348.080515,28,180,0,1,20978618.750830,30,192,0,1,22043526.367845,34,164,0,1,19582084.338980,43,160,0,1,19946366.739409,15,176,0,1,21338513.097231,44,148,0,1,19433107.893162,8,136,2,1,24168424.496970,7,88,0,1,24787231.039516,80,156,0,12,23592692.881377,78,132,0,12,24414715.175526,63,164,0,12,24724168.786315,86,156,0,12,25338683.657211,35,136,2,1,21434067.453749,60,148,0,12,26056400.197733,52,120,0,1,22294429.286352,33,88,0,1,22975187.471716,93,132,2,1,39433385.540659,5,128,0,1,24486490.462046,
18,1552384651,0.800000,13,164,0,1,20349362.983001,28,180,0,1,20978626.088647,30,196,0,1,22043635.361905,34,160,0,1,19582128.400780,43,152,0,1,19946453.100537,15,180,0,1,21338455.398086,44,148,0,1,19433067.312681,8,148,2,1,24168505.090800,7,88,0,1,24787367.840498,80,164,0,12,23592691.877990,78,132,0,12,24414800.062111,63,164,0,12,24724126.984319,86,148,0,12,25338780.662971,35,136,2,1,21433957.220723,60,156,0,12,26056303.383925,52,136,0,1,22294411.940836,33,88,0,1,22975363.797441,93,132,2,1,39433392.974452,
18,1552384652,0.000000,13,156,0,1,20349378.094889,28,176,0,1,20978628.051796,30,192,0,1,22043744.338515,34,160,0,1,19582172.610907,43,152,0,1,19946540.308000,15,176,0,1,21338397.908344,44,148,0,1,19433026.767100,8,136,2,1,24168586.923596,7,92,0,1,24787504.754906,80,160,0,12,23592691.310858,78,132,0,12,24414878.335062,63,160,0,12,24724085.086346,86,152,0,12,25338877.651282,35,136,2,1,21433849.090449,60,156,0,12,26056206.535216,52,136,0,1,22294394.071813,33,84,0,1,22975540.986952,93,132,2,1,39433400.390794,
18,1552384652,0.200000,13,164,0,1,20349393.189328,28,172,0,1,20978632.711004,30,192,0,1,22043853.350025,34,156,0,1,19582216.768683,43,152,0,1,19946629.408812,15,180,0,1,21338340.619279,44,148,0,1,19432986.134268,8,136,2,1,24168667.334200,7,88,0,1,24787642.663977,80,164,0,12,23592680.744751,78,144,0,12,24414958.963793,63,160,0,12,24724042.821918,86,156,0,12,25338974.613416,35,136,1,1,21433737.260728,60,152,0,12,26056109.389854,52,136,0,1,22294377.773309,33,84,0,1,22975717.050924,93,136,2,1,39433407.362156,
18,1552384652,0.400000,13,164,0,1,20349408.493169,28,168,0,1,20978636.131247,30,192,0,1,22043962.570938,34,152,0,1,19582261.022435,43,152,0,1,19946716.764602,15,180,0,1,21338283.146987,44,152,0,1,19432945.641038,8,144,2,1,24168750.624089,7,88,0,1,24787779.988466,80,160,0,12,23592684.932803,78,132,0,12,24415047.698151,63,156,0,12,24724001.072272,86,148,0,12,25339071.497025,35,136,0,1,21433627.394158,60,152,0,12,26056012.645847,52,136,0,1,22294361.265403,33,84,0,1,22975892.198760,93,136,2,1,39433414.586546,
18,1552384652,0.600000,13,164,0,1,20349423.622507,28,176,0,1,20978639.795793,30,196,0,1,22044071.660974,34,156,0,1,19582305.503040,43,152,0,1,19946804.635173,15,176,0,1,21338225.744496,44,152,0,1,19432905.182708,8,144,2,1,24168829.830627,7,84,0,1,24787916.422993,80,160,0,12,23592668.590674,78,132,0,12,24415124.252256,63,156,0,12,24723958.921271,86,152,0,12,25339168.188682,35,136,0,1,21433516.611450,60,144,0,12,26055916.050167,52,132,0,1,22294343.588333,33,80,0,1,22976068.925840,93,124,2,1,39433421.714960,
18,1552384652,0.800000,13,156,0,1,20349438.769296,28,156,0,1,20978645.222810,30,196,0,1,22044180.820811,34,152,0,1,19582349.817868,43,144,0,1,19946893.552758,15,184,0,1,21338168.411805,44,152,0,1,19432864.619677,8,144,2,1,24168911.794300,7,88,0,1,24788054.061585,80,148,0,12,23592668.808802,78,132,0,12,24415200.108352,63,160,0,12,24723917.032024,86,164,0,12,25339265.176992,35,136,0,1,21433406.500576,60,156,0,12,26055819.402136,52,136,0,1,22294326.504570,33,80,0,1,22976245.591844,93,124,2,1,39433429.000426,
18,1552384653,0.000000,13,148,0,1,20349454.046962,28,156,0,1,20978647.596040,30,196,0,1,22044289.998098,34,152,0,1,19582394.097795,43,144,0,1,19946982.705920,15,184,0,1,21338110.983139,44,148,0,1,19432824.266048,8,156,2,1,24168996.227179,7,88,0,1,24788189.990057,80,140,0,12,23592664.786527,78,112,0,12,24415272.989187,63,160,0,12,24723875.273653,86,156,0,12,25339362.174027,35,144,0,1,21433295.752769,60,152,0,12,26055722.387650,52,136,0,1,22294311.645709,33,84,0,1,22976421.681991,93,124,2,1,39433436.294617,
19,1552384653,0.200000,13,164,0,1,20349469.080325,28,160,0,1,20978649.157834,30,196,0,1,22044399.114310,34,152,0,1,19582438.395173,43,152,0,1,19947071.867808,15,180,0,1,21338053.467221,44,152,0,1,19432783.737918,8,156,2,1,24169074.412879,7,92,0,1,24788326.651437,80,152,0,12,23592670.449122,78,128,0,12,24415354.080348,63,160,0,12,24723833.288429,86,156,0,12,25339459.275764,35,144,0,1,21433186.968112,60,152,0,12,26055625.844321,52,120,0,1,22294292.738398,33,84,0,1,22976598.164769,93,148,2,1,39433443.588808,24,100,0,1,24504699.423979,
19,1552384653,0.400000,13,156,0,1,20349484.270739,28,152,0,1,20978653.372062,30,192,0,1,22044508.090919,34,144,0,1,19582482.430797,43,144,0,1,19947161.055871,15,176,0,1,21337995.977479,44,152,0,1,19432743.279588,8,164,2,1,24169155.591292,7,92,0,1,24788463.888674,80,140,0,12,23592658.897078,78,128,0,12,24415431.105610,63,152,0,12,24723790.936750,86,156,0,12,25339555.888894,35,132,0,1,21433076.508234,60,152,0,12,26055528.978162,52,136,0,1,22294276.003639,33,84,0,1,22976775.075076,93,156,2,1,39433450.882999,24,100,0,1,24504566.400969,
19,1552384653,0.600000,13,156,0,1,20349499.583305,28,156,0,1,20978657.743342,30,196,0,1,22044617.250757,34,152,0,1,19582526.780526,43,144,0,1,19947249.668076,15,184,0,1,21337938.697139,44,152,0,1,19432702.786357,8,168,2,1,24169236.307274,7,92,0,1,24788601.762845,80,140,0,12,23592645.408060,78,124,0,12,24415512.284022,63,152,0,12,24723748.497821,86,164,0,12,25339652.999356,35,132,0,1,21432966.606762,60,152,0,12,26055432.399932,52,132,0,1,22294259.190355,33,88,0,1,22976951.488052,93,148,2,1,39433458.342967,24,100,0,1,24504435.332383,
19,1552384653,0.800000,13,156,0,1,20349514.773720,28,160,0,1,20978661.172309,30,196,0,1,22044726.253542,34,152,0,1,19582570.981927,43,156,0,1,19947338.542035,15,180,0,1,21337881.277198,44,152,0,1,19432662.223326,8,164,2,1,24169320.164296,7,92,0,1,24788738.572552,80,144,0,12,23592643.671763,78,124,0,12,24415599.151206,63,152,0,12,24723706.852876,86,164,0,12,25339750.057467,35,132,0,1,21432856.050908,60,160,0,12,26055335.437797,52,132,0,1,22294240.928702,33,88,0,1,22977128.529236,93,148,2,1,39433465.741860,24,100,0,1,24504303.295311,
19,1552384654,0.000000,13,140,0,1,20349529.903059,28,172,0,1,20978664.278448,30,196,0,1,22044835.265052,34,152,0,1,19582615.349106,43,140,0,1,19947426.534758,15,184,0,1,21337823.865981,44,152,0,1,19432621.660295,8,156,2,1,24169398.995654,7,92,0,1,24788875.635287,80,140,0,12,23592643.436185,78,124,0,12,24415675.286506,63,152,0,12,24723664.972354,86,156,0,12,25339846.871275,35,144,0,1,21432746.524616,60,152,0,12,26055238.606539,52,144,0,1,22294223.077129,33,84,0,1,22977305.265042,93,140,2,1,39433472.878999,24,100,0,1,24504171.720669,
19,1552384654,0.200000,13,140,0,1,20349545.119648,28,160,0,1,20978669.539689,30,196,0,1,22044944.355088,34,152,0,1,19582659.768635,43,140,0,1,19947515.408717,15,184,0,1,21337766.515841,44,148,0,1,19432581.193240,8,164,2,1,24169480.889526,7,92,0,1,24789010.865749,80,144,0,12,23592642.528774,78,124,0,12,24415757.843487,63,152,0,12,24723622.777727,86,156,0,12,25339943.868311,35,144,0,1,21432636.614420,60,156,0,12,26055141.600778,52,140,0,1,22294205.251732,33,84,0,1,22977482.262600,93,136,2,1,39433480.260441,24,100,0,1,24504039.456744,
19,1552384654,0.400000,13,140,0,1,20349560.310063,28,172,0,1,20978674.181447,30,192,0,1,22045053.392774,34,156,0,1,19582703.908961,43,140,0,1,19947603.383990,15,176,0,1,21337708.825421,44,148,0,1,19432540.656384,8,172,2,1,24169563.010251,7,96,0,1,24789147.073424,80,144,0,12,23592637.991717,78,120,0,12,24415835.462055,63,152,0,12,24723580.635451,86,156,0,12,25340040.516342,35,144,0,1,21432526.678048,60,156,0,12,26055044.839321,52,128,0,1,22294187.644462,33,84,0,1,22977658.535975,93,124,2,1,39433487.449930,24,100,0,1,24503907.777401,
18,1552384654,0.600000,13,152,0,1,20349575.561553,28,168,0,1,20978679.207109,30,192,0,1,22045162.552611,34,156,0,1,19582748.241239,43,128,0,1,19947691.603566,15,184,0,1,21337651.492730,44,148,0,1,19432500.102078,8,176,2,1,24169644.284640,7,92,0,1,24789283.211298,80,144,0,12,23592631.325734,78,120,0,12,24415911.073848,63,152,0,12,24723538.562976,86,156,0,12,25340137.635528,35,152,0,1,21432416.357772,60,148,0,12,26054947.772485,52,128,0,1,22294174.836002,33,80,0,1,22977835.786561,93,140,2,1,39433494.866273,
18,1552384654,0.800000,13,164,0,1,20349590.821769,28,160,0,1,20978683.098508,30,192,0,1,22045271.668822,34,156,0,1,19582792.765470,43,152,0,1,19947780.337923,15,180,0,1,21337593.994263,44,148,0,1,19432459.774625,8,168,2,1,24169725.489228,7,96,0,1,24789419.384072,80,144,0,12,23592625.392660,78,136,0,12,24415994.930870,63,160,0,12,24723496.429426,86,160,0,12,25340234.510412,35,152,0,1,21432306.124746,60,148,0,12,26054851.072103,52,128,0,1,22294157.647538,33,84,0,1,22978012.984797,93,140,2,1,39433502.038312,
17,1552384655,0.000000,13,156,0,1,20349605.933657,28,168,0,1,20978686.719428,30,192,0,1,22045380.575631,34,156,0,1,19582837.211174,43,152,0,1,19947868.985029,15,184,0,1,21337536.408544,44,148,0,1,19432419.447172,8,168,2,1,24169805.987083,80,132,0,12,23592619.503212,78,136,0,12,24416072.095733,63,160,0,12,24723454.409301,86,168,0,12,25340331.585973,35,148,0,1,21432195.882996,60,148,0,12,26054754.048893,52,128,0,1,22294138.801302,33,84,0,1,22978189.345423,93,152,2,1,39433509.332503,
18,1552384655,0.200000,13,160,0,1,20349621.141522,28,164,0,1,20978689.659790,30,196,0,1,22045489.735468,34,148,0,1,19582881.526002,43,144,0,1,19947957.597235,20,108,0,1,23902342.756715,15,184,0,1,21337479.032229,44,148,0,1,19432378.892866,8,168,2,1,24169886.964818,80,120,0,12,23592614.992330,78,132,0,12,24416154.155382,63,160,0,12,24723412.336826,86,168,0,12,25340428.452132,35,136,0,1,21432085.562719,60,148,0,12,26054657.348511,52,128,0,1,22294122.415548,33,84,0,1,22978365.985252,93,144,0,1,39433516.844822,
17,1552384655,0.400000,13,160,0,1,20349636.419188,28,180,0,1,20978693.943818,30,184,0,1,22045598.685903,34,156,0,1,19582925.962982,43,156,0,1,19948045.912787,15,184,0,1,21337421.708263,44,148,0,1,19432338.425811,8,168,2,1,24169968.989567,80,156,0,12,23592614.355397,78,136,0,12,24416243.448146,63,156,0,12,24723370.552280,86,172,0,12,25340525.553869,35,136,0,1,21431975.268618,60,148,0,12,26054560.360201,52,128,0,1,22294103.769990,33,84,0,1,22978541.377390,93,152,0,1,39433524.357141,
18,1552384655,0.600000,13,144,0,1,20349651.400200,28,160,0,1,20978697.233184,30,196,0,1,22045707.732313,34,148,0,1,19582970.199284,43,140,0,1,19948134.498817,20,104,0,1,23902195.232574,15,172,0,1,21337364.078919,44,152,0,1,19432297.950031,8,172,2,1,24170051.031765,80,140,0,12,23592607.261884,78,120,0,12,24416313.022164,63,152,0,12,24723328.776459,86,172,0,12,25340622.559629,35,148,0,1,21431865.096668,60,148,0,12,26054463.398066,52,128,0,1,22294087.523838,33,80,0,1,22978717.511163,93,140,0,1,39433531.598981,
18,1552384655,0.800000,13,152,0,1,20349666.546989,28,164,0,1,20978701.569563,30,196,0,1,22045816.953226,34,148,0,1,19583014.522837,43,144,0,1,19948222.927796,20,100,0,1,23902119.393928,15,172,0,1,21337306.615352,44,144,0,1,19432257.456801,8,180,2,1,24170131.014838,80,128,0,12,23592600.866379,78,120,0,12,24416391.487068,63,152,0,12,24723286.817410,86,164,0,12,25340719.312361,35,156,0,1,21431754.881093,60,148,0,12,26054366.811111,52,132,0,1,22294070.448800,33,80,0,1,22978894.264419,93,140,0,1,39433538.858272,
18,1552384656,0.000000,13,168,0,1,20349681.772304,28,180,0,1,20978706.202596,30,180,0,1,22045925.921111,34,148,0,1,19583058.750414,43,160,0,1,19948311.417850,20,100,0,1,23902046.286241,15,168,0,1,21337249.282662,44,152,0,1,19432216.972296,8,180,2,1,24170212.830184,80,148,0,12,23592599.042831,78,144,0,12,24416476.487079,63,144,0,12,24723244.989238,86,164,0,12,25340816.195970,35,156,0,1,21431644.744044,60,148,0,12,26054269.988578,52,132,0,1,22294053.818742,33,76,0,1,22979071.715683,93,136,0,1,39433546.388041,
19,1552384656,0.200000,13,168,0,1,20349696.744590,28,176,0,1,20978710.442999,30,188,0,1,22046034.950071,34,148,0,1,19583103.196118,43,152,0,1,19948399.803203,20,100,0,1,23901968.798549,15,168,0,1,21337191.522441,44,152,0,1,19432176.435440,8,180,1,1,24170293.301863,7,88,0,1,24790377.531902,80,156,0,12,23592596.242071,78,144,0,12,24416556.697004,63,144,0,12,24723202.942939,86,172,0,12,25340913.315157,35,156,0,1,21431534.353966,60,148,0,12,26054173.174770,52,128,0,1,22294035.775217,33,76,0,1,22979248.756867,93,140,0,1,39433553.752033,
19,1552384656,0.400000,13,164,0,1,20349711.716877,28,168,0,1,20978715.494837,30,192,0,1,22046143.970307,34,148,0,1,19583147.598197,43,152,0,1,19948488.284532,20,100,0,1,23901891.433008,15,168,0,1,21337134.006523,44,144,0,1,19432135.837508,8,176,0,1,24170373.171510,7,92,0,1,24790514.376510,80,140,0,12,23592586.016244,78,144,0,12,24416636.444500,63,152,0,12,24723161.158392,86,172,0,12,25341010.015539,35,148,0,1,21431424.051140,60,148,0,12,26054076.552914,52,132,0,1,22294017.277986,33,76,0,1,22979426.469884,93,136,0,1,39433561.142200,
19,1552384656,0.600000,13,168,0,1,20349726.924742,28,164,0,1,20978718.819104,30,188,0,1,22046252.920741,34,148,0,1,19583191.956651,43,160,0,1,19948576.730960,20,100,0,1,23901826.038317,15,176,0,1,21337076.438255,44,144,0,1,19432095.387904,8,168,0,1,24170454.733828,7,92,0,1,24790651.796974,80,152,0,12,23592581.959068,78,132,0,12,24416714.656375,63,152,0,12,24723119.260419,86,168,0,12,25341106.986399,35,148,0,1,21431313.835565,60,156,0,12,26053979.704205,52,132,0,1,22294000.368725,33,72,0,1,22979603.039913,93,136,0,1,39433568.410216,
19,1552384656,0.800000,13,168,0,1,20349741.931929,28,156,0,1,20978722.911180,30,196,0,1,22046361.914801,34,144,0,1,19583236.306379,43,160,0,1,19948665.264640,20,96,0,1,23901759.997968,15,180,0,1,21337019.088114,44,144,0,1,19432054.842323,8,168,0,1,24170535.222957,7,92,0,1,24790788.842259,80,132,0,12,23592575.406511,78,132,0,12,24416794.150842,63,152,0,12,24723077.144319,86,156,0,12,25341203.686780,35,120,0,1,21431203.436762,60,144,0,12,26053882.942748,52,132,0,1,22293982.333925,33,76,0,1,22979779.252211,93,148,0,1,39433575.896359,
19,1552384657,0.000000,13,160,0,1,20349757.035093,28,156,0,1,20978726.689152,30,196,0,1,22046471.371292,34,152,0,1,19583280.839335,43,160,0,1,19948753.780869,20,96,0,1,23901687.719166,15,184,0,1,21336961.746699,44,144,0,1,19432014.375268,8,168,0,1,24170616.436270,7,92,0,1,24790924.639854,80,132,0,12,23592576.121970,78,132,0,12,24416876.795074,63,152,0,12,24723035.289972,86,156,0,12,25341300.343536,35,120,0,1,21431092.776206,60,136,0,12,26053785.945713,52,132,0,1,22293965.232712,33,72,0,1,22979954.810127,93,156,0,1,39433583.522104,
19,1552384657,0.200000,13,160,0,1,20349772.434910,28,164,0,1,20978730.589276,30,192,0,1,22046580.452603,34,144,0,1,19583325.276314,43,160,0,1,19948842.262198,20,92,0,1,23901610.187849,15,176,0,1,21336904.405283,44,140,0,1,19431973.960563,8,164,0,1,24170697.989863,7,88,0,1,24791062.077769,80,152,0,12,23592571.235909,78,144,0,12,24416959.177551,63,152,0,12,24722993.522875,86,168,0,12,25341397.305671,35,144,0,1,21430984.288203,60,136,0,12,26053689.018478,52,132,0,1,22293948.550303,33,72,0,1,22980131.720434,93,156,0,1,39433591.147849,
19,1552384657,0.400000,13,160,0,1,20349787.686400,28,168,0,1,20978734.428323,30,188,0,1,22046689.298336,34,152,0,1,19583369.730744,43,152,0,1,19948930.673727,20,96,0,1,23901528.547005,15,184,0,1,21336847.020242,44,140,0,1,19431933.275381,8,168,0,1,24170778.670945,7,88,0,1,24791199.306281,80,144,0,12,23592560.024144,78,132,0,12,24417034.152412,63,152,0,12,24722951.677253,86,168,0,12,25341494.206730,35,144,0,1,21430874.081352,60,132,0,12,26053592.178495,52,132,0,1,22293931.030285,33,76,0,1,22980309.206599,93,156,0,1,39433598.599092,
19,1552384657,0.600000,13,156,0,1,20349802.815739,28,168,0,1,20978738.389523,30,188,0,1,22046798.196420,34,144,0,1,19583414.202624,43,144,0,1,19949019.024179,20,120,0,1,23901444.602733,15,184,0,1,21336789.670102,44,128,0,1,19431892.668724,8,168,0,1,24170858.732544,7,88,0,1,24791337.956986,80,132,0,12,23592555.286410,78,132,0,12,24417110.060859,63,156,0,12,24722909.831631,86,160,0,12,25341591.291017,35,160,0,1,21430762.626812,60,136,0,12,26053495.460663,52,132,0,1,22293912.559229,33,76,0,1,22980484.764515,93,156,0,1,39433606.128861,
19,1552384657,0.800000,13,156,0,1,20349818.224281,28,172,0,1,20978742.202395,30,188,0,1,22046907.347532,34,152,0,1,19583458.657054,43,144,0,1,19949107.444432,20,136,0,1,23901368.092253,15,184,0,1,21336732.407212,44,132,0,1,19431852.254020,8,168,0,1,24170939.832430,7,88,0,1,24791474.679442,80,144,0,12,23592563.845742,78,132,0,12,24417191.213097,63,156,0,12,24722867.741706,86,160,0,12,25341688.226976,35,160,0,1,21430649.671552,60,144,0,12,26053398.341476,52,132,0,1,22293895.248613,33,80,0,1,22980661.299642,93,136,0,1,39433613.649905,
20,1552384658,0.000000,13,164,0,1,20349833.501947,28,156,0,1,20978746.250846,30,184,0,1,22047016.716771,34,152,0,1,19583503.041682,43,112,0,1,19949195.524406,20,120,0,1,23901287.821252,15,168,0,1,21336674.908745,44,144,0,1,19431812.005093,8,168,0,1,24171020.635664,7,88,0,1,24791611.332097,80,144,0,12,23592550.845330,78,144,0,12,24417275.584900,63,164,0,12,24722825.791383,86,160,0,12,25341785.250187,35,160,0,1,21430538.339163,60,132,0,12,26053301.239740,52,132,0,1,22293877.903097,33,84,0,1,22980837.904571,93,116,0,1,39433621.153499,24,96,0,1,24501539.521100,
20,1552384658,0.200000,13,168,0,1,20349848.823238,28,156,0,1,20978750.238221,30,180,0,1,22047126.024935,34,160,0,1,19583547.496112,43,112,0,1,19949283.700357,20,120,0,1,23901211.284597,15,172,0,1,21336617.410277,44,140,0,1,19431771.625289,8,172,0,1,24171102.023479,7,88,0,1,24791748.979415,80,144,0,12,23592549.737241,78,144,0,12,24417360.096304,63,164,0,12,24722783.971936,86,152,0,12,25341882.142521,35,152,0,1,21430427.364503,60,120,0,12,26053204.399756,52,132,0,1,22293860.958936,33,80,0,1,22981014.710177,93,116,0,1,39433628.604742,24,100,0,1,24501408.033709,
20,1552384658,0.400000,13,160,0,1,20349864.127079,28,172,0,1,20978754.260496,30,180,0,1,22047234.923019,34,160,0,1,19583592.081418,43,112,0,1,19949372.129335,20,120,0,1,23901136.344637,15,180,0,1,21336559.894360,44,144,0,1,19431731.114608,8,168,0,1,24171183.114641,7,84,0,1,24791885.457568,80,152,0,12,23592548.445925,78,144,0,12,24417438.002801,63,164,0,12,24722742.196114,86,160,0,12,25341978.938879,35,152,0,1,21430318.161041,60,120,0,12,26053107.638299,52,116,0,1,22293843.334216,33,80,0,1,22981191.236580,93,112,0,1,39433636.274112,24,100,0,1,24501277.235602,
20,1552384658,0.600000,13,160,0,1,20349879.387294,28,156,0,1,20978758.169345,30,176,0,1,22047343.768752,34,156,0,1,19583636.666725,43,116,0,1,19949463.367798,20,120,0,1,23901064.763843,15,184,0,1,21336502.483143,44,140,0,1,19431691.031458,8,172,0,1,24171264.127277,7,84,0,1,24792023.698193,80,152,0,12,23592539.930219,78,144,0,12,24417517.383842,63,164,0,12,24722700.149815,86,160,0,12,25342076.031890,35,152,0,1,21430209.280407,60,120,0,12,26053010.388236,52,116,0,1,22293826.416230,33,80,0,1,22981368.513342,93,132,0,1,39433643.952208,24,100,0,1,24501146.184467,
20,1552384658,0.800000,13,160,0,1,20349894.891813,28,156,0,1,20978761.894966,30,172,0,1,22047452.631936,34,160,0,1,19583681.199680,43,112,0,1,19949553.131718,20,96,0,1,23900991.036673,15,180,0,1,21336445.167903,44,140,0,1,19431650.677830,8,180,0,1,24171345.288240,7,80,0,1,24792160.281047,80,152,0,12,23592536.605952,78,144,0,12,24417599.522017,63,168,0,12,24722658.600846,86,160,0,12,25342173.011475,35,152,0,1,21430100.251447,60,120,0,12,26052912.946220,52,116,0,1,22293809.524419,33,80,0,1,22981545.947156,93,128,0,1,39433651.551778,24,104,0,1,24501013.606438,
20,1552384659,0.000000,13,164,0,1,20349910.160753,28,156,0,1,20978765.803815,30,168,0,1,22047561.669621,34,156,0,1,19583725.732636,43,112,0,1,19949644.038628,20,124,0,1,23900912.824798,15,176,0,1,21336387.643260,44,140,0,1,19431610.289301,8,184,0,1,24171426.309601,7,80,0,1,24792297.919639,80,152,0,12,23592531.562839,78,148,0,12,24417680.229274,63,168,0,12,24722616.807575,86,152,0,12,25342269.842734,35,152,0,1,21429989.398939,60,124,0,12,26052811.839658,52,120,3,1,22293790.355355,33,80,0,1,22981722.246706,93,128,0,1,39433659.081547,24,100,0,1,24500882.171398,
20,1552384659,0.200000,13,164,0,1,20349925.508220,28,156,0,1,20978769.564337,30,164,0,1,22047670.890534,34,160,0,1,19583770.248141,43,108,0,1,19949733.427368,20,120,0,1,23900837.422407,15,172,0,1,21336330.162243,44,140,0,1,19431569.909497,8,188,0,1,24171507.575265,7,80,0,1,24792435.139427,80,152,0,12,23592527.531839,78,148,0,12,24417759.889518,63,168,0,12,24722574.979403,86,160,0,12,25342366.787418,35,160,0,1,21429879.811571,60,124,0,12,26052717.172227,52,136,2,1,22293770.113102,33,84,0,1,22981899.043587,93,128,0,1,39433666.471714,24,100,0,1,24500749.802771,
20,1552384659,0.400000,13,164,0,1,20349940.881862,28,156,0,1,20978773.586612,30,176,0,1,22047779.814793,34,160,0,1,19583814.754922,43,108,0,1,19949821.271764,20,124,0,1,23900763.224081,15,188,0,1,21336272.716126,44,140,0,1,19431529.433717,8,184,0,1,24171588.518100,7,80,0,1,24792571.163874,80,152,0,12,23592522.226973,78,148,0,12,24417839.008805,63,168,0,12,24722533.203582,86,152,0,12,25342463.505250,35,160,0,1,21429770.241654,60,124,0,12,26052623.045752,52,120,2,1,22293754.556233,33,88,0,1,22982075.980069,93,124,0,1,39433673.879332,24,100,0,1,24500617.530121,
20,1552384659,0.600000,13,164,0,1,20349956.246778,28,168,0,1,20978777.286058,30,180,0,1,22047889.218933,34,160,0,1,19583859.279152,43,128,0,1,19949907.013409,20,124,0,1,23900690.098943,15,184,0,1,21336215.147858,44,128,0,1,19431488.966662,8,184,0,1,24171669.460935,7,80,0,1,24792708.444737,80,152,0,12,23592515.526089,78,148,0,12,24417922.708774,63,164,0,12,24722491.462661,86,152,0,12,25342560.301608,35,156,0,1,21429658.804563,60,124,0,12,26052529.643462,52,116,0,1,22293739.391994,33,88,0,1,22982252.218543,93,124,0,1,39433681.330575,24,100,0,1,24500485.100418,
20,1552384659,0.800000,13,164,0,1,20349971.681496,28,156,0,1,20978781.186182,30,172,0,1,22047998.431121,34,160,0,1,19583903.751032,43,128,0,1,19949995.616890,20,124,0,1,23900617.741616,15,180,0,1,21336157.841343,44,140,0,1,19431448.735185,8,184,0,1,24171750.569547,7,84,0,1,24792845.315520,80,152,0,12,23592512.053496,78,148,0,12,24418000.807224,63,164,0,12,24722449.145883,86,152,0,12,25342657.211392,35,156,0,1,21429545.666077,60,124,0,12,26052439.984243,52,116,0,1,22293724.027077,33,84,0,1,22982428.963074,93,124,0,1,39433688.720742,24,100,0,1,24500352.661991,
20,1552384660,0.000000,13,164,0,1,20349987.002787,28,156,0,1,20978785.077580,30,172,0,1,22048107.285579,34,160,0,1,19583948.345064,43,124,0,1,19950086.384197,20,120,0,1,23900546.160822,15,184,0,1,21336100.508653,44,140,0,1,19431408.294305,8,180,0,1,24171831.503657,7,88,0,1,24792981.819848,80,152,0,12,23592509.182935,78,148,0,12,24418080.912448,63,168,0,12,24722407.352611,86,152,0,12,25342753.937949,35,156,0,1,21429437.972058,60,120,0,12,26052345.849044,52,116,0,1,22293702.729086,33,84,0,1,22982606.056609,93,124,0,1,39433696.110909,24,100,0,1,24500220.127587,
20,1552384660,0.200000,13,168,0,1,20350002.158301,28,156,0,1,20978789.073680,30,176,0,1,22048216.148763,34,160,0,1,19583992.895470,43,124,0,1,19950173.137955,20,120,0,1,23900470.461778,15,180,0,1,21336043.132337,44,140,0,1,19431367.757449,8,184,0,1,24171912.568643,7,88,0,1,24793118.777882,80,152,0,12,23592503.782093,78,148,0,12,24418162.125762,63,168,0,12,24722365.376113,86,152,0,12,25342850.769207,35,156,0,1,21429328.131662,60,124,0,12,26052239.961122,52,116,3,1,22293684.118429,33,88,0,1,22982783.298470,93,124,0,1,39433703.562152,24,100,0,1,24500089.861711,
20,1552384660,0.400000,13,168,0,1,20350017.732621,28,156,0,1,20978792.999979,30,156,0,1,22048324.968321,34,160,0,1,19584037.358624,43,124,0,1,19950258.661472,20,120,0,1,23900398.331303,15,172,0,1,21335985.721120,44,140,0,1,19431327.211868,8,184,0,1,24171993.685980,7,84,0,1,24793255.735916,80,152,0,12,23592497.927545,78,148,0,12,24418241.943058,63,168,0,12,24722323.574116,86,172,0,12,25342947.617916,35,156,0,1,21429216.336842,60,124,0,12,26052140.451256,52,132,2,1,22293668.230006,33,88,0,1,22982960.461806,93,120,0,1,39433711.371124,24,100,0,1,24499958.889102,
20,1552384660,0.600000,13,164,0,1,20350033.053912,28,156,0,1,20978797.205482,30,176,0,1,22048433.979831,34,160,0,1,19584082.118433,43,104,0,1,19950346.348816,20,120,0,1,23900326.986088,15,184,0,1,21335928.475681,44,140,0,1,19431286.779714,8,184,0,1,24172074.436863,7,84,0,1,24793391.568411,80,152,0,12,23592493.617341,78,148,0,12,24418323.732228,63,164,0,12,24722281.728494,86,148,0,12,25343044.623676,35,156,0,1,21429106.077642,60,124,0,12,26052046.193905,52,132,2,1,22293651.198593,33,88,0,1,22983137.773468,93,120,0,1,39433719.284798,24,96,0,1,24499827.349361,
20,1552384660,0.800000,13,164,0,1,20350048.453729,28,156,0,1,20978801.114331,30,168,0,1,22048543.061142,34,156,0,1,19584126.721189,43,104,0,1,19950434.097236,20,132,0,1,23900252.063578,15,184,0,1,21335870.951038,44,140,0,1,19431246.434810,8,184,0,1,24172155.240096,7,84,0,1,24793528.779473,80,148,0,12,23592489.298412,78,148,0,12,24418402.973667,63,160,0,12,24722239.909047,86,160,0,12,25343141.463659,35,148,0,1,21428997.511112,60,124,0,12,26051950.627787,52,132,2,1,22293631.837577,33,84,0,1,22983314.544174,93,120,0,1,39433726.736041,24,96,0,1,24499696.708306,
19,1552384661,0.000000,13,164,0,1,20350063.748845,28,140,0,1,20978805.188956,30,172,0,1,22048651.959226,34,160,0,1,19584171.367572,43,104,0,1,19950523.922232,20,116,0,1,23900177.367921,15,184,0,1,21335813.330419,44,140,0,1,19431206.220784,8,188,0,1,24172236.261457,7,84,0,1,24793665.423403,80,148,0,12,23592486.209723,78,148,0,12,24418482.555385,63,164,0,12,24722197.923823,86,164,0,12,25343238.294918,35,148,0,1,21428889.110359,60,124,0,12,26051854.808641,52,144,2,1,22293614.029629,33,84,0,1,22983490.747748,93,120,0,1,39433734.466488,
19,1552384661,0.200000,13,168,0,1,20350079.087586,28,164,0,1,20978809.150156,30,180,0,1,22048761.092887,34,160,0,1,19584216.092480,43,128,0,1,19950613.607626,20,120,0,1,23900104.268959,15,180,0,1,21335756.050080,44,140,0,1,19431165.788629,8,184,0,1,24172317.500946,7,84,0,1,24793802.172034,80,148,0,12,23592480.625654,78,148,0,12,24418562.233079,63,160,0,12,24722155.921149,86,160,0,12,25343334.873148,35,148,0,1,21428775.422191,60,124,0,12,26051758.684117,52,128,2,1,22293596.465985,33,84,0,1,22983667.117098,93,116,0,1,39433742.223109,
19,1552384661,0.400000,13,168,0,1,20350094.391427,28,140,0,1,20978813.120080,30,160,0,1,22048869.982246,34,168,0,1,19584260.930814,43,104,0,1,19950702.621187,20,148,0,1,23900030.393462,15,184,0,1,21335698.708664,44,140,0,1,19431125.592053,8,184,0,1,24172398.688084,7,84,0,1,24793939.330745,80,152,0,12,23592477.144335,78,144,0,12,24418641.326191,63,160,0,12,24722113.805049,86,168,0,12,25343431.590980,35,156,0,1,21428663.147490,60,136,0,12,26051661.940110,52,128,2,1,22293576.668713,33,84,0,1,22983843.608600,93,120,0,1,39433749.534751,
19,1552384661,0.600000,13,172,0,1,20350109.765069,28,144,0,1,20978817.133630,30,144,0,1,22048979.046107,34,168,0,1,19584305.612097,43,104,0,1,19950791.329368,20,148,3,1,23899955.191748,15,180,0,1,21335641.279997,44,144,0,1,19431085.316950,8,168,0,1,24172479.587293,7,84,0,1,24794075.983401,80,152,0,12,23592472.703255,78,144,0,12,24418721.283089,63,160,0,12,24722071.837275,86,168,0,12,25343528.195385,35,156,0,1,21428553.865501,60,132,0,12,26051566.635746,52,128,2,1,22293559.340647,33,84,0,1,22984021.190741,93,120,0,1,39433757.369898,
20,1552384661,0.800000,13,168,0,1,20350125.156161,28,152,0,1,20978821.121005,30,116,0,1,22049087.577736,34,160,0,1,19584350.241029,43,104,0,1,19950880.709384,20,124,2,1,23899881.167925,15,188,0,1,21335583.929857,44,132,0,1,19431044.972047,8,164,0,1,24172560.381801,7,84,0,1,24794212.121274,80,144,0,12,23592468.227274,78,144,0,12,24418801.571540,63,152,0,12,24722029.564122,86,168,0,12,25343625.314572,35,148,0,1,21428443.457974,60,132,0,12,26051461.916989,52,128,2,1,22293544.237484,33,80,0,1,22984198.502404,93,120,0,1,39433765.013094,21,68,0,1,26123221.140584,
20,1552384662,0.000000,13,172,0,1,20350140.547253,28,152,0,1,20978824.968778,30,136,0,1,22049195.952313,34,160,0,1,19584394.669283,43,104,0,1,19950970.438403,20,120,2,1,23899805.006449,15,184,0,1,21335526.614617,44,144,0,1,19431004.548617,8,164,0,1,24172641.289736,7,84,0,1,24794347.962494,80,144,0,12,23592464.126473,78,144,0,12,24418881.179434,63,160,0,12,24721987.639974,86,164,0,12,25343722.302882,35,152,0,1,21428333.041721,60,132,0,12,26051373.810840,52,140,2,1,22293529.884679,33,80,0,1,22984374.854304,93,120,0,1,39433772.490512,21,68,0,1,26123316.654350,
20,1552384662,0.200000,13,168,0,1,20350155.920895,28,156,0,1,20978829.183006,30,156,3,1,22049305.138326,34,164,0,1,19584439.429091,43,112,0,1,19951058.378776,20,120,0,1,23899732.413544,15,180,0,1,21335469.177225,44,144,0,1,19430964.448017,8,168,0,1,24172722.110419,7,88,0,1,24794485.339333,80,160,0,12,23592458.943758,78,144,0,12,24418961.014180,63,160,0,12,24721945.532599,86,152,0,12,25343819.011989,35,152,0,1,21428223.916784,60,128,0,12,26051270.706228,52,140,2,1,22293514.537213,33,80,0,1,22984551.520309,93,116,0,1,39433779.688727,21,68,0,1,26123408.137117,
21,1552384662,0.400000,13,168,0,1,20350171.224736,28,152,0,1,20978833.135480,30,172,2,1,22049416.226412,34,160,0,1,19584484.075473,43,140,3,1,19951144.731178,20,116,0,1,23899662.822075,15,184,0,1,21335411.809634,44,140,0,1,19430924.181639,8,168,0,1,24172803.070705,7,84,0,1,24794623.414181,80,152,0,12,23592454.947658,78,144,0,12,24419041.861039,63,160,0,12,24721903.800403,86,152,0,12,25343915.747271,35,144,0,1,21428112.924674,60,128,0,12,26051174.730031,52,108,2,1,22293497.322573,33,80,0,1,22984727.907110,93,116,0,1,39433787.262121,21,68,0,1,26123497.874862,24,104,0,1,24498643.849418,
20,1552384662,0.600000,13,176,0,1,20350186.642003,28,152,0,1,20978837.175205,30,180,2,1,22049529.731353,34,164,0,1,19584528.765481,43,148,2,1,19951236.466973,20,120,0,1,23899590.150643,15,180,0,1,21335354.529294,44,148,0,1,19430883.915262,8,168,0,1,24172884.065890,7,84,0,1,24794761.174925,80,160,0,12,23592451.152236,78,144,0,12,24419122.385068,63,164,0,12,24721862.033307,86,156,0,12,25344012.648330,35,148,0,1,21428003.014478,60,128,0,12,26051083.770771,52,112,2,1,22293479.628052,33,84,0,1,22984904.887218,93,120,0,1,39433794.800615,24,104,0,1,24498510.617006,
20,1552384662,0.800000,13,172,0,1,20350202.102896,28,168,0,1,20978841.118955,30,168,2,1,22049633.664850,34,168,0,1,19584573.420588,43,112,2,1,19951325.916789,20,120,0,1,23899516.545625,15,184,0,1,21335297.283855,44,140,0,1,19430843.701235,8,156,0,1,24172965.008725,7,84,0,1,24794899.590052,80,152,0,12,23592446.449402,78,144,0,12,24419202.341966,63,160,0,12,24721819.995732,86,172,0,12,25344109.514489,35,152,0,1,21427894.055318,60,128,0,12,26050989.260391,52,108,2,1,22293464.926244,33,84,0,1,22985081.814976,93,120,0,1,39433802.679389,24,104,0,1,24498378.457782,
20,1552384663,0.000000,13,160,0,1,20350217.450363,28,168,0,1,20978845.097604,30,112,0,1,22049740.878988,34,156,0,1,19584618.093146,43,132,0,1,19951410.908074,20,144,0,1,23899439.904269,15,176,0,1,21335239.916264,44,140,0,1,19430803.478483,8,148,0,1,24173045.890484,7,84,0,1,24795036.740039,80,164,0,12,23592442.558004,78,144,0,12,24419282.508266,63,148,0,12,24721777.635329,86,172,0,12,25344206.241045,35,144,0,1,21427784.790780,60,128,0,12,26050884.288607,52,128,2,1,22293445.320924,33,84,0,1,22985257.817872,93,116,0,1,39433810.104456,24,104,0,1,24498245.478398,
20,1552384663,0.200000,13,160,0,1,20350232.701853,28,168,0,1,20978849.207131,30,112,0,1,22049847.211890,34,164,0,1,19584662.730803,43,144,0,1,19951500.296815,20,136,3,1,23899361.046735,15,184,0,1,21335182.653375,44,140,0,1,19430763.299357,8,168,0,1,24173127.016547,7,84,0,1,24795173.767874,80,164,0,12,23592437.994772,78,144,0,12,24419362.517515,63,156,0,12,24721735.475603,86,172,0,12,25344303.019953,35,144,0,1,21427674.112774,60,124,0,12,26050791.636675,52,124,2,1,22293427.329750,33,84,0,1,22985434.300649,93,112,0,1,39433817.424823,24,108,0,1,24498113.101046,
20,1552384663,0.400000,13,164,0,1,20350248.171471,28,172,0,1,20978853.194505,30,140,0,1,22049957.759019,34,156,0,1,19584707.560412,43,152,3,1,19951587.015672,20,144,2,1,23899291.952598,15,184,0,1,21335125.329410,44,144,0,1,19430723.085330,8,164,0,1,24173207.898306,7,84,0,1,24795311.074912,80,152,0,12,23592433.614767,78,144,0,12,24419442.640190,63,156,0,12,24721693.595080,86,180,0,12,25344399.781410,35,152,0,1,21427564.481781,60,124,0,12,26050694.299361,52,108,2,1,22293408.518415,33,84,0,1,22985610.818326,93,112,0,1,39433824.919691,24,108,0,1,24497980.959272,
20,1552384663,0.600000,13,168,0,1,20350263.719615,28,172,0,1,20978857.330207,30,140,3,1,22050066.124871,34,156,0,1,19584752.311495,43,108,0,1,19951676.666165,20,144,2,1,23899217.440168,15,180,0,1,21335068.066520,44,144,0,1,19430682.722977,8,156,0,1,24173288.867316,7,84,0,1,24795448.765855,80,160,0,12,23592429.025360,78,144,0,12,24419523.007167,63,160,0,12,24721651.714558,86,180,0,12,25344496.743545,35,148,0,1,21427453.376245,60,124,0,12,26050591.735706,52,128,2,1,22293392.219912,33,84,0,1,22985787.309829,93,112,0,1,39433832.519261,24,108,0,1,24497850.047739,
20,1552384663,0.800000,13,168,0,1,20350279.136882,28,172,0,1,20978861.326307,30,140,2,1,22050178.992880,34,156,0,1,19584797.036404,43,128,0,1,19951764.580362,20,136,2,1,23899144.288855,15,176,0,1,21335010.611678,44,144,0,1,19430642.421699,8,160,0,1,24173369.923578,7,84,0,1,24795586.168869,80,160,0,12,23592424.619180,78,144,0,12,24419603.295619,63,156,0,12,24721609.860210,86,176,0,12,25344593.409026,35,156,0,1,21427342.724414,60,124,0,12,26050491.763409,52,128,2,1,22293373.705231,33,80,0,1,22985964.220136,93,112,0,1,39433839.569149,24,108,0,1,24497718.185168,
20,1552384664,0.000000,13,164,0,1,20350294.440723,28,164,0,1,20978865.392208,30,128,2,1,22050282.516296,34,156,0,1,19584841.743861,43,104,0,1,19951856.438309,20,132,2,1,23899069.837501,15,184,0,1,21334953.287713,44,144,0,1,19430602.233847,8,156,0,1,24173450.700636,7,80,0,1,24795722.551046,80,164,0,12,23592420.370052,78,144,0,12,24419683.331043,63,156,0,12,24721567.648134,86,172,0,12,25344689.943631,35,148,0,1,21427231.854456,60,124,0,12,26050396.206016,52,124,2,1,22293355.539554,33,80,0,1,22986140.092155,93,116,0,1,39433847.116368,24,108,0,1,24497587.814592,
20,1552384664,0.200000,13,164,0,1,20350309.840540,28,172,0,1,20978869.545359,30,128,0,1,22050394.956774,34,164,0,1,19584886.521120,43,108,0,1,19951941.647722,20,136,0,1,23898992.166582,15,180,0,1,21334895.728170,44,144,0,1,19430561.880219,8,156,0,1,24173531.364267,7,80,0,1,24795858.872147,80,164,0,12,23592415.990047,78,144,0,12,24419763.593319,63,156,0,12,24721525.366256,86,176,0,12,25344786.739989,35,148,0,1,21427121.551629,60,128,0,12,26050301.556035,52,124,2,1,22293337.592005,33,76,0,1,22986317.691747,93,116,0,1,39433854.829364,24,108,0,1,24497456.885608,
20,1552384664,0.400000,13,164,0,1,20350325.414860,28,176,0,1,20978873.733412,30,160,0,1,22050504.299839,34,164,0,1,19584931.237303,43,148,3,1,19952028.349129,20,136,0,1,23898917.436025,15,180,0,1,21334838.500181,44,144,0,1,19430521.666192,8,160,0,1,24173612.246026,7,80,0,1,24795994.678467,80,156,0,12,23592411.714744,78,148,0,12,24419843.681094,63,160,0,12,24721483.162905,86,168,0,12,25344883.475271,35,148,0,1,21427010.960874,60,124,0,12,26050202.491149,52,104,2,1,22293319.696807,33,76,0,1,22986494.383926,93,116,0,1,39433862.402759,24,108,0,1,24497325.633795,
20,1552384664,0.600000,13,160,0,1,20350340.709976,28,176,0,1,20978878.017440,30,144,0,1,22050614.890594,34,156,0,1,19584975.857510,43,128,2,1,19952115.547867,20,136,3,1,23898847.006946,15,184,0,1,21334781.167490,44,144,0,1,19430481.513241,8,168,0,1,24173693.197586,7,80,0,1,24796130.345184,80,156,0,12,23592407.282388,78,148,0,12,24419923.969545,63,160,0,12,24721441.299832,86,156,0,12,25344980.123302,35,148,0,1,21426900.727849,60,124,0,12,26050106.096146,52,104,2,1,22293302.394916,33,72,0,1,22986671.826465,93,116,0,1,39433869.653324,24,108,0,1,24497193.937002,
20,1552384664,0.800000,13,164,0,1,20350355.874215,28,168,0,1,20978882.179317,30,164,3,1,22050721.459073,34,164,0,1,19585020.468991,43,124,2,1,19952203.078159,20,144,2,1,23898776.717469,15,176,0,1,21334723.852250,44,144,0,1,19430441.299214,8,172,0,1,24173774.384724,7,84,0,1,24796267.477721,80,156,0,12,23592402.762782,78,148,0,12,24420004.257997,63,168,0,12,24721399.462935,86,136,0,12,25345076.413603,35,156,0,1,21426790.381397,60,120,0,12,26050014.971109,52,108,2,1,22293286.305815,33,72,0,1,22986849.452232,93,132,0,1,39433877.322695,24,108,0,1,24497061.210646,
20,1552384665,0.000000,13,168,0,1,20350371.274032,28,152,0,1,20978886.393545,30,140,2,1,22050826.055679,34,160,0,1,19585065.211350,43,104,0,1,19952292.842079,20,136,2,1,23898702.187589,15,160,0,1,21334666.475934,44,144,0,1,19430401.041562,8,168,0,1,24173855.519512,7,84,0,1,24796404.165276,80,148,0,12,23592398.339152,78,148,0,12,24420084.720951,63,168,0,12,24721357.582413,86,156,0,12,25345173.026734,35,148,0,1,21426680.113471,60,120,0,12,26049911.185939,52,128,2,1,22293267.520656,33,72,0,1,22987026.432340,93,132,0,1,39433885.053142,24,104,0,1,24496929.583653,
20,1552384665,0.200000,13,164,0,1,20350386.796001,28,168,0,1,20978890.564147,30,172,2,1,22050943.085564,34,160,0,1,19585109.892632,43,104,0,1,19952381.183806,20,144,2,1,23898632.194765,15,180,0,1,21334609.274120,44,144,0,1,19430360.740284,8,136,0,1,24173936.366371,7,84,0,1,24796541.699167,80,148,0,12,23592393.610143,78,148,0,12,24420165.087929,63,168,0,12,24721315.998544,86,156,0,12,25345269.692215,35,148,0,1,21426569.924071,60,124,0,12,26049822.852937,52,108,2,1,22293251.867810,33,72,0,1,22987203.962130,93,112,0,1,39433892.556735,24,104,0,1,24496797.372079,
20,1552384665,0.400000,13,168,0,1,20350402.195818,28,152,0,1,20978894.595147,30,172,2,1,22051052.201775,34,160,0,1,19585154.556465,43,104,0,1,19952468.897326,20,120,2,1,23898554.977552,15,172,0,1,21334552.124657,44,144,0,1,19430320.465181,8,148,0,1,24174017.379006,7,84,0,1,24796677.863216,80,148,0,12,23592389.038186,78,148,0,12,24420245.219329,63,168,0,12,24721274.205272,86,156,0,12,25345366.532198,35,148,0,1,21426459.647420,60,124,0,12,26049728.045904,52,112,2,1,22293232.192690,33,72,0,1,22987380.776461,93,116,0,1,39433900.156305,24,104,0,1,24496665.300106,
20,1552384665,0.600000,13,168,0,1,20350417.499659,28,144,0,1,20978898.652323,30,172,2,1,22051156.170173,34,160,0,1,19585199.220297,43,128,0,1,19952557.369930,20,116,0,1,23898480.500023,15,180,0,1,21334495.053720,44,144,0,1,19430280.294780,8,160,0,1,24174098.487618,7,84,0,1,24796814.550772,80,148,0,12,23592384.989735,78,148,0,12,24420325.289653,63,168,0,12,24721232.516702,86,156,0,12,25345463.363457,35,148,0,1,21426349.283518,60,120,0,12,26049633.090544,52,128,2,1,22293215.274704,33,68,0,1,22987558.210275,93,128,0,1,39433907.782050,24,108,0,1,24496532.093869,
20,1552384665,0.800000,13,164,0,1,20350432.855850,28,156,0,1,20978902.683323,30,176,2,1,22051269.788540,34,168,0,1,19585244.041181,43,124,0,1,19952646.662694,20,144,0,1,23898407.933292,15,184,0,1,21334437.825731,44,144,0,1,19430240.002227,8,164,0,1,24174179.631131,7,80,0,1,24796951.953786,80,148,0,12,23592380.347977,78,148,0,12,24420405.455953,63,168,0,12,24721190.871757,86,160,0,12,25345560.177265,35,148,0,1,21426239.050493,60,124,0,12,26049540.525864,52,128,2,1,22293198.208391,33,68,0,1,22987734.431299,93,128,0,1,39433915.355445,24,108,0,1,24496401.723292,
20,1552384666,0.000000,13,168,0,1,20350448.168416,28,168,0,1,20978907.124403,30,172,2,1,22051381.391408,34,160,0,1,19585288.783539,43,108,0,1,19952736.234661,20,144,0,1,23898336.841105,15,180,0,1,21334380.597742,44,144,0,1,19430199.884177,8,172,0,1,24174260.765918,7,80,0,1,24797088.711143,80,152,0,12,23592375.967973,78,148,0,12,24420485.604803,63,160,0,12,24721149.148287,86,160,0,12,25345656.947447,35,148,0,1,21426128.869818,60,124,0,12,26049440.265638,52,124,2,1,22293183.524033,33,72,0,1,22987911.969815,93,128,0,1,39433922.824138,24,104,0,1,24496270.262076,
20,1552384666,0.200000,13,168,0,1,20350463.882338,28,156,0,1,20978911.181579,30,160,2,1,22051483.780560,34,160,0,1,19585333.499722,43,108,0,1,19952825.195872,20,132,3,1,23898258.044647,15,188,0,1,21334323.343578,44,144,0,1,19430159.766126,8,164,0,1,24174341.883255,7,80,0,1,24797226.803441,80,152,0,12,23592371.736295,78,148,0,12,24420565.744928,63,160,0,12,24721107.171788,86,160,0,12,25345753.778705,35,148,0,1,21426018.636792,60,124,0,12,26049343.216252,52,104,2,1,22293165.890588,33,68,0,1,22988087.972711,93,124,0,1,39433930.319006,24,104,0,1,24496137.910900,
20,1552384666,0.400000,13,164,0,1,20350479.142553,28,172,0,1,20978915.177679,30,164,2,1,22051596.761995,34,160,0,1,19585378.451483,43,140,0,1,19952912.028155,20,148,2,1,23898188.575330,15,192,0,1,21334266.368617,44,144,0,1,19430119.639351,8,164,0,1,24174422.904616,7,80,0,1,24797362.321832,80,160,0,12,23592367.539518,78,148,0,12,24420645.850153,63,160,0,12,24721065.204014,86,168,0,12,25345850.592513,35,152,0,1,21425908.491018,60,124,0,12,26049244.936626,52,104,2,1,22293148.021565,33,72,0,1,22988264.856843,93,124,0,1,39433938.189055,24,104,0,1,24496006.484585,
20,1552384666,0.600000,13,164,0,1,20350494.629621,28,168,0,1,20978919.304655,30,160,2,1,22051708.277612,34,160,0,1,19585423.237467,43,148,3,1,19953001.722274,20,132,2,1,23898114.298478,15,184,0,1,21334209.053377,44,144,0,1,19430079.215921,8,160,0,1,24174504.056854,7,112,0,1,24797499.550344,80,152,0,12,23592363.316565,78,148,0,12,24420725.972828,63,160,0,12,24721023.096639,86,172,0,12,25345947.345246,35,152,0,1,21425798.415044,60,124,0,12,26049149.012779,52,108,2,1,22293129.114254,33,76,0,1,22988441.173843,93,124,0,1,39433945.666473,24,104,0,1,24495874.700541,
21,1552384666,0.800000,13,164,0,1,20350510.090514,28,176,0,1,20978923.457807,30,152,2,1,22051818.606613,34,160,0,1,19585468.006001,43,148,2,1,19953087.210891,20,152,2,1,23898039.122940,15,180,0,1,21334151.764312,44,144,0,1,19430039.202572,8,160,0,1,24174585.069490,7,116,0,1,24797634.702280,80,152,0,12,23592358.692257,78,148,0,12,24420806.287455,63,160,0,12,24720981.355718,86,180,0,12,25346044.141603,35,148,0,1,21425688.016242,60,124,0,12,26049054.825229,52,124,2,1,22293114.211768,33,80,0,1,22988617.639170,93,124,3,1,39433953.266043,21,64,0,1,26125457.115509,24,104,0,1,24495742.593667,
21,1552384667,0.000000,13,164,0,1,20350525.560132,28,176,0,1,20978927.628409,30,164,2,1,22051927.967128,34,160,0,1,19585512.687283,43,136,2,1,19953173.065962,20,152,2,1,23897966.154855,15,176,0,1,21334094.326920,44,144,0,1,19429998.953645,8,160,0,1,24174666.230453,7,80,0,1,24797770.761628,80,152,0,12,23592354.242452,78,148,0,12,24420886.514831,63,160,0,12,24720939.684598,86,176,0,12,25346140.894336,35,156,0,1,21425577.914093,60,124,0,12,26048956.353650,52,124,2,1,22293096.779000,33,84,0,1,22988794.296449,93,128,2,1,39433960.726011,21,64,0,1,26125547.655963,24,104,0,1,24495611.237153,
