obsCount, time1, time2, sat, SNR, LLI, code,P
19,1552384131,0.000000,8,124,0,1,23943424.678800,7,84,0,1,24403663.806255,28,188,0,1,20954493.999307,30,160,0,1,21738744.834728,43,164,0,1,19701412.466378,13,176,0,1,20296762.695692,15,172,0,1,21473533.572410,80,172,0,12,23585777.133234,78,144,0,12,24187115.850771,63,152,0,12,24814629.484837,86,164,0,12,25063058.192197,34,160,0,1,19460525.651050,44,156,0,1,19526714.255185,35,132,0,1,21706639.095758,33,128,0,1,22492210.658196,60,148,0,12,26284305.311379,52,140,0,1,22333826.363739,42,76,0,1,23729938.494483,93,132,0,1,39384825.502263,
19,1552384131,0.200000,8,120,0,1,23943487.194205,7,84,0,1,24403792.702288,28,188,0,1,20954479.192797,30,164,0,1,21738840.592798,43,164,0,1,19701482.686054,13,176,0,1,20296758.699592,15,172,0,1,21473458.100218,80,172,0,12,23585757.815843,78,144,0,12,24187181.419964,63,152,0,12,24814572.946132,86,164,0,12,25063143.768065,34,160,0,1,19460545.457047,44,156,0,1,19526653.668029,35,136,0,1,21706511.142036,33,132,0,1,22492375.475503,60,148,0,12,26284197.582460,52,140,0,1,22333784.204013,42,72,0,1,23730095.328315,93,132,0,1,39384825.982144,
18,1552384131,0.400000,8,120,0,1,23943549.648535,7,88,0,1,24403922.252705,28,188,0,1,20954464.490989,30,164,0,1,21738936.202541,43,164,0,1,19701552.888280,13,176,0,1,20296754.659867,15,172,0,1,21473382.680377,80,172,0,12,23585738.140722,78,144,0,12,24187246.919356,63,152,0,12,24814516.075872,86,164,0,12,25063229.143255,34,160,0,1,19460565.219418,44,156,0,1,19526592.906371,35,132,0,1,21706383.144689,33,132,0,1,22492540.441136,60,148,0,12,26284090.089118,52,140,0,1,22333742.105363,42,72,0,1,23730252.755454,
18,1552384131,0.600000,8,120,0,1,23943612.129039,7,88,0,1,24404051.550093,28,188,0,1,20954449.701929,30,168,0,1,21739031.681407,43,164,0,1,19701623.169032,13,176,0,1,20296750.855719,15,172,0,1,21473307.269261,80,172,0,12,23585718.683730,78,144,0,12,24187312.252972,63,152,0,12,24814459.362665,86,164,0,12,25063314.701672,34,160,0,1,19460585.147567,44,152,0,1,19526532.336665,35,132,0,1,21706255.173517,33,132,0,1,22492705.398044,60,148,0,12,26283982.595777,52,140,0,1,22333700.050338,42,76,0,1,23730410.025542,
18,1552384131,0.800000,8,120,0,1,23943674.557193,7,88,0,1,24404181.117960,28,188,0,1,20954435.052472,30,168,0,1,21739127.413302,43,164,0,1,19701693.397433,13,176,0,1,20296746.929420,15,172,0,1,21473232.006472,80,172,0,12,23585699.383789,78,144,0,12,24187377.717463,63,152,0,12,24814402.597106,86,164,0,12,25063400.233915,34,160,0,1,19460605.058265,44,152,0,1,19526471.705884,35,132,0,1,21706127.219796,33,128,0,1,22492870.293877,60,148,0,12,26283875.050085,52,140,0,1,22333657.873162,42,76,0,1,23730567.164753,
18,1552384132,0.000000,8,120,0,1,23943736.871921,7,88,0,1,24404310.694552,28,188,0,1,20954420.219787,30,172,0,1,21739223.162647,43,164,0,1,19701763.582209,13,176,0,1,20296742.846069,15,172,0,1,21473156.665157,80,172,0,12,23585679.752294,78,144,0,12,24187443.129605,63,152,0,12,24814345.735572,86,164,0,12,25063485.844683,34,160,0,1,19460624.768286,44,152,0,1,19526410.944226,35,132,0,1,21705999.196273,33,128,0,1,22493035.259510,60,148,0,12,26283767.460768,52,140,0,1,22333615.783237,42,76,0,1,23730724.112011,
18,1552384132,0.200000,8,124,0,1,23943799.247724,7,92,0,1,24404439.311382,28,184,0,1,20954405.483078,30,176,0,1,21739318.789840,43,164,0,1,19701833.766985,13,176,0,1,20296738.849969,15,172,0,1,21473081.131889,80,168,0,12,23585660.260401,78,148,0,12,24187508.820949,63,152,0,12,24814289.048539,86,156,0,12,25063571.019196,34,164,0,1,19460644.609184,44,152,0,1,19526350.261093,35,132,0,1,21705871.347253,33,128,0,1,22493200.015741,60,136,0,12,26283659.470095,52,136,0,1,22333573.658411,42,76,0,1,23730881.329748,
18,1552384132,0.400000,8,124,0,1,23943861.562452,7,96,0,1,24404567.544307,28,184,0,1,20954390.781269,30,180,0,1,21739414.286156,43,164,0,1,19701903.977936,13,176,0,1,20296734.845144,15,172,0,1,21473005.685873,80,172,0,12,23585640.716157,78,148,0,12,24187574.346517,63,148,0,12,24814232.282981,86,156,0,12,25063656.568888,34,164,0,1,19460664.432631,44,152,0,1,19526289.639037,35,132,0,1,21705743.498233,33,128,0,1,22493364.920299,60,140,0,12,26283551.523048,52,136,0,1,22333531.620837,42,80,0,1,23731038.477683,
18,1552384132,0.600000,8,128,0,1,23943923.981881,7,100,0,1,24404696.527591,28,184,0,1,20954376.062011,30,180,0,1,21739509.765023,43,164,0,1,19701974.258688,13,176,0,1,20296730.753068,15,172,0,1,21472930.283482,80,172,0,12,23585620.866534,78,148,0,12,24187640.081487,63,148,0,12,24814175.587224,86,156,0,12,25063741.804477,34,164,0,1,19460684.256079,44,152,0,1,19526229.069331,35,132,0,1,21705615.649213,33,124,0,1,22493529.833581,60,140,0,12,26283443.776679,52,136,0,1,22333489.391310,42,80,0,1,23731196.105500,
19,1552384132,0.800000,8,132,0,1,23943986.348959,7,100,0,1,24404825.414899,28,184,0,1,20954361.403828,30,180,0,1,21739605.392216,43,164,0,1,19702044.487089,13,176,0,1,20296726.826769,15,172,0,1,21472854.750215,80,172,0,12,23585601.243764,78,148,0,12,24187705.519804,63,148,0,12,24814118.725689,86,156,0,12,25063827.310544,34,164,0,1,19460703.983550,44,152,0,1,19526168.438550,35,132,0,1,21705487.625690,33,124,0,1,22493694.799215,60,140,0,12,26283335.986684,52,136,0,1,22333447.327560,42,84,0,1,23731353.471564,93,140,3,1,39384830.039320,
19,1552384133,0.000000,8,132,0,1,23944048.829463,7,104,0,1,24404955.567348,28,184,0,1,20954346.719469,30,180,0,1,21739700.993234,43,160,0,1,19702114.759116,13,176,0,1,20296722.865570,15,168,0,1,21472779.286748,80,172,0,12,23585581.577369,78,148,0,12,24187771.106447,63,148,0,12,24814062.291685,86,156,0,12,25063912.607208,34,164,0,1,19460723.885523,44,152,0,1,19526107.772868,35,132,0,1,21705359.628343,33,124,0,1,22493859.791024,60,140,0,12,26283227.847684,52,132,0,1,22333405.159109,42,84,0,1,23731510.837627,93,140,2,1,39384830.571551,
19,1552384133,0.200000,8,132,0,1,23944111.065665,7,108,3,1,24405085.065414,28,184,0,1,20954332.131087,30,172,0,1,21739796.690228,43,160,0,1,19702184.970067,13,176,0,1,20296718.974171,15,168,0,1,21472704.006509,5,112,0,1,24075036.681474,80,172,0,12,23585562.094201,78,148,0,12,24187836.876318,63,148,0,12,24814005.595928,86,156,0,12,25063998.060924,34,164,0,1,19460743.595544,44,152,0,1,19526047.194437,35,144,0,1,21705231.665896,33,136,0,1,22494024.625780,60,140,0,12,26283120.319443,52,132,0,1,22333363.043008,42,84,0,1,23731668.046639,
18,1552384133,0.400000,8,136,0,1,23944173.485094,7,128,2,1,24405217.521292,28,184,0,1,20954317.455454,30,172,0,1,21739892.343596,43,160,0,1,19702255.189743,13,176,0,1,20296715.039147,15,172,0,1,21472628.708819,80,172,0,12,23585542.645933,78,148,0,12,24187902.340810,63,148,0,12,24813948.830369,86,164,0,12,25064083.418664,34,160,0,1,19460763.384091,44,152,0,1,19525986.659632,35,140,0,1,21705103.633649,33,136,0,1,22494189.434362,60,148,0,12,26283013.026779,52,128,0,1,22333320.944358,42,84,0,1,23731825.482503,
18,1552384133,0.600000,8,144,0,1,23944235.825997,7,124,2,1,24405352.062471,28,184,0,1,20954302.963048,30,168,0,1,21739987.674136,43,160,0,1,19702325.505396,13,180,0,1,20296711.095398,15,172,0,1,21472553.306428,80,172,0,12,23585522.962088,78,148,0,12,24187967.866377,63,148,0,12,24813892.274214,86,164,0,12,25064168.732779,34,160,0,1,19460783.120287,44,152,0,1,19525926.072476,35,140,0,1,21704975.671202,33,120,0,1,22494354.242943,60,140,0,12,26282905.428736,52,128,0,1,22333278.898058,42,88,0,1,23731982.220359,
18,1552384133,0.800000,8,136,0,1,23944298.070923,7,124,2,1,24405485.129106,28,184,0,1,20954288.331041,30,164,0,1,21740083.283879,43,160,0,1,19702395.716347,13,180,0,1,20296707.108023,15,168,0,1,21472477.921488,80,164,0,12,23585503.330593,78,136,0,12,24188033.295969,63,148,0,12,24813835.273077,86,164,0,12,25064254.081794,34,164,0,1,19460802.969910,44,156,0,1,19525865.555120,35,140,0,1,21704847.700030,33,136,0,1,22494515.317178,60,152,0,12,26282798.170973,52,128,0,1,22333236.877934,42,84,0,1,23732139.228693,
18,1552384134,0.000000,8,148,0,1,23944360.464177,7,124,2,1,24405617.506458,28,184,0,1,20954273.733934,30,172,0,1,21740179.015773,43,164,0,1,19702466.031999,13,180,0,1,20296702.954871,15,168,0,1,21472402.510372,80,168,0,12,23585484.056827,78,136,0,12,24188098.481257,63,148,0,12,24813778.402818,86,164,0,12,25064339.753638,34,164,0,1,19460822.749732,44,160,0,1,19525804.959239,35,136,0,1,21704719.597982,33,132,0,1,22494679.244524,60,152,0,12,26282690.607831,52,128,0,1,22333194.761833,42,84,0,1,23732296.333004,
18,1552384134,0.200000,8,148,0,1,23944422.944681,7,124,2,1,24405743.453404,28,184,0,1,20954258.936149,30,172,0,1,21740274.651692,43,164,0,1,19702536.242950,13,180,0,1,20296698.950046,15,168,0,1,21472327.055630,80,172,0,12,23585464.277005,78,140,0,12,24188164.041725,63,148,0,12,24813721.724510,86,156,0,12,25064425.285880,34,168,0,1,19460842.651705,44,160,0,1,19525744.372083,35,140,0,1,21704591.679161,33,116,0,1,22494843.058443,60,140,0,12,26282582.957438,52,132,0,1,22333152.628283,42,84,0,1,23732453.550740,
18,1552384134,0.400000,8,144,0,1,23944485.451361,7,120,2,1,24405873.954858,28,184,0,1,20954244.120914,30,168,0,1,21740370.191634,43,164,0,1,19702606.672029,13,180,0,1,20296694.997572,15,168,0,1,21472251.696865,80,172,0,12,23585444.889813,78,140,0,12,24188229.523667,63,144,0,12,24813664.932777,86,156,0,12,25064510.791947,34,172,0,1,19460862.379176,44,152,0,1,19525683.819828,35,152,0,1,21704463.673088,33,120,0,1,22495006.322680,60,144,0,12,26282475.123817,52,132,0,1,22333110.468557,42,84,0,1,23732610.969155,
18,1552384134,0.600000,8,144,0,1,23944547.879515,7,120,2,1,24406003.644876,28,180,0,1,20954229.497632,30,176,0,1,21740465.810102,43,164,0,1,19702676.848080,13,180,0,1,20296691.106174,15,168,0,1,21472176.329374,80,172,0,12,23585425.616048,78,140,0,12,24188295.014334,63,136,0,12,24813608.210844,86,156,0,12,25064596.376540,34,164,0,1,19460882.263699,44,160,0,1,19525623.180321,35,156,0,1,21704335.754267,33,124,0,1,22495171.968872,60,140,0,12,26282367.359997,52,128,0,1,22333068.492058,42,84,0,1,23732768.012389,
18,1552384134,0.800000,8,144,0,1,23944610.316394,7,120,2,1,24406133.317444,28,180,0,1,20954214.708572,30,176,0,1,21740561.594347,43,164,0,1,19702747.059031,13,180,0,1,20296687.240950,15,172,0,1,21472101.049135,80,172,0,12,23585405.775150,78,140,0,12,24188360.496276,63,136,0,12,24813551.384210,86,164,0,12,25064681.769180,34,164,0,1,19460902.087147,44,160,0,1,19525562.610615,35,160,0,1,21704207.826721,33,124,0,1,22495338.156020,60,140,0,12,26282259.849206,52,128,0,1,22333026.428308,42,84,0,1,23732925.195225,
19,1552384135,0.000000,8,144,0,1,23944672.753274,7,120,2,1,24406262.344354,28,180,0,1,20954199.814811,30,176,0,1,21740657.334967,43,160,0,1,19702817.269982,13,180,0,1,20296683.148874,15,172,0,1,21472025.646744,80,172,0,12,23585386.178556,78,140,0,12,24188425.925868,63,136,0,12,24813494.409249,86,164,0,12,25064767.126920,34,168,0,1,19460921.945495,44,160,0,1,19525502.145611,35,160,0,1,21704079.742123,33,124,0,1,22495500.224918,60,140,0,12,26282152.251163,52,128,0,1,22332984.451809,42,84,0,1,23733082.482763,93,140,3,1,39384835.152234,
19,1552384135,0.200000,8,144,0,1,23944735.033101,7,120,2,1,24406392.994134,28,180,0,1,20954184.973401,30,176,0,1,21740752.935985,43,160,0,1,19702887.777587,13,180,0,1,20296679.178950,15,172,0,1,21471950.322879,80,172,0,12,23585366.695388,78,140,0,12,24188491.294383,63,136,0,12,24813437.652416,86,164,0,12,25064852.510836,34,168,0,1,19460941.681691,44,160,0,1,19525441.619531,35,160,0,1,21703951.753501,33,124,0,1,22495663.881785,60,140,0,12,26282044.321567,52,128,0,1,22332942.431685,42,84,0,1,23733239.351495,93,144,2,1,39384835.571039,
19,1552384135,0.400000,8,144,0,1,23944797.461255,7,120,2,1,24406520.939131,28,180,0,1,20954170.140716,30,176,0,1,21740848.571903,43,160,0,1,19702958.084514,13,180,0,1,20296675.156675,15,168,0,1,21471874.789612,80,172,0,12,23585347.203494,78,140,0,12,24188556.802501,63,136,0,12,24813380.895583,86,164,0,12,25064938.095429,34,168,0,1,19460961.548764,44,160,0,1,19525381.102176,35,160,0,1,21703823.817229,33,128,0,1,22495830.383037,60,140,0,12,26281936.688624,52,128,0,1,22332900.411561,42,84,0,1,23733396.673933,93,144,2,1,39384836.103270,
18,1552384135,0.600000,8,144,0,1,23944859.959209,7,120,2,1,24406650.524448,28,184,0,1,20954155.526159,30,172,0,1,21740944.146746,43,160,0,1,19703028.600844,13,180,0,1,20296671.239101,15,172,0,1,21471799.404671,80,172,0,12,23585327.572000,78,140,0,12,24188622.162291,63,148,0,12,24813324.147475,86,164,0,12,25065023.514245,34,168,0,1,19460981.424562,44,160,0,1,19525320.610996,35,152,0,1,21703695.942034,33,124,0,1,22495994.851339,60,152,0,12,26281829.291259,52,128,0,1,22332858.356536,42,88,0,1,23733553.708443,
18,1552384135,0.800000,8,148,0,1,23944922.352463,7,124,2,1,24406777.038526,28,184,0,1,20954140.806900,30,176,0,1,21741039.904815,43,160,0,1,19703099.038648,13,180,0,1,20296667.225551,15,172,0,1,21471723.976105,80,172,0,12,23585308.001580,78,140,0,12,24188687.836186,63,148,0,12,24813267.530243,86,164,0,12,25065108.496805,34,164,0,1,19461001.361435,44,160,0,1,19525260.058740,35,144,0,1,21703568.014488,33,124,0,1,22496158.796135,60,152,0,12,26281721.963694,52,132,0,1,22332816.423663,42,88,0,1,23733711.100682,
18,1552384136,0.000000,8,148,0,1,23944984.736991,7,124,2,1,24406905.332527,28,184,0,1,20954126.166167,30,180,0,1,21741135.610535,43,160,0,1,19703169.240874,13,180,0,1,20296663.255626,15,172,0,1,21471648.695866,80,172,0,12,23585288.500962,78,144,0,12,24188753.483905,63,148,0,12,24813210.747235,86,164,0,12,25065194.316976,34,168,0,1,19461021.176158,44,156,0,1,19525199.480309,35,140,0,1,21703440.052041,33,124,0,1,22496323.709418,60,148,0,12,26281614.470353,52,128,0,1,22332774.368638,42,88,0,1,23733868.623797,
18,1552384136,0.200000,8,148,0,1,23945047.060444,7,124,2,1,24407032.343937,28,184,0,1,20954111.412008,30,176,0,1,21741231.237728,43,160,0,1,19703239.521626,13,180,0,1,20296659.181000,15,172,0,1,21471573.188774,80,172,0,12,23585269.296997,78,144,0,12,24188819.018198,63,148,0,12,24813154.051477,86,164,0,12,25065279.325712,34,168,0,1,19461040.921079,44,156,0,1,19525138.945504,35,140,0,1,21703312.141945,33,124,0,1,22496486.772977,60,148,0,12,26281506.654183,52,128,0,1,22332732.252537,42,88,0,1,23734025.684482,
19,1552384136,0.400000,8,148,0,1,23945109.558399,7,124,2,1,24407160.271483,28,184,0,1,20954096.797451,30,176,0,1,21741326.987073,43,160,0,1,19703309.680226,13,180,0,1,20296655.193625,15,172,0,1,21471497.751482,80,172,0,12,23585249.630602,78,144,0,12,24188884.465239,63,148,0,12,24813097.573847,86,164,0,12,25065364.761978,34,168,0,1,19461060.683451,44,156,0,1,19525078.340898,35,136,0,1,21703184.188223,33,124,0,1,22496652.628572,60,148,0,12,26281399.344069,52,132,0,1,22332690.188787,42,88,0,1,23734182.701541,93,136,3,1,39384838.075145,
19,1552384136,0.600000,8,148,0,1,23945172.012728,7,124,2,1,24407288.260105,28,184,0,1,20954082.200344,30,180,0,1,21741422.657891,43,160,0,1,19703380.048229,13,180,0,1,20296651.232426,15,172,0,1,21471422.497418,80,172,0,12,23585230.548789,78,140,0,12,24188950.043158,63,148,0,12,24813040.921716,86,156,0,12,25065450.119718,34,168,0,1,19461080.698850,44,156,0,1,19525017.814818,35,136,0,1,21703056.147251,33,124,0,1,22496819.539905,60,148,0,12,26281292.103756,52,132,0,1,22332648.090137,42,88,0,1,23734340.032704,93,136,2,1,39384838.450325,
19,1552384136,0.800000,8,148,0,1,23945234.423432,7,124,2,1,24407417.566219,28,184,0,1,20954067.515986,30,180,0,1,21741518.407236,43,160,0,1,19703450.355156,13,180,0,1,20296647.192701,15,172,0,1,21471347.225904,80,176,0,12,23585210.899844,78,140,0,12,24189015.350597,63,148,0,12,24812984.330659,86,156,0,12,25065535.503633,34,164,0,1,19461100.461222,44,156,0,1,19524957.026984,35,136,0,1,21702928.167354,33,124,0,1,22496982.891393,60,148,0,12,26281184.261410,52,128,0,1,22332606.096188,42,88,0,1,23734496.936337,93,136,2,1,39384838.816779,
19,1552384137,0.000000,8,148,0,1,23945296.764335,7,124,2,1,24407548.041497,28,184,0,1,20954052.953779,30,180,0,1,21741613.921003,43,160,0,1,19703520.601008,13,180,0,1,20296643.214051,15,172,0,1,21471271.945665,80,176,0,12,23585191.477751,78,140,0,12,24189080.911066,63,148,0,12,24812927.722153,86,160,0,12,25065621.035875,34,160,0,1,19461120.223594,44,156,0,1,19524896.535804,35,136,0,1,21702800.196182,33,128,0,1,22497147.743600,60,148,0,12,26281076.602292,52,128,0,1,22332564.276741,42,92,0,1,23734653.648018,93,136,2,1,39384839.314110,
19,1552384137,0.200000,8,148,0,1,23945359.166313,7,120,2,1,24407672.435374,28,184,0,1,20954038.452648,30,176,0,1,21741709.556921,43,160,0,1,19703590.873035,13,180,0,1,20296639.392453,15,172,0,1,21471196.656700,80,176,0,12,23585172.020759,78,140,0,12,24189146.567510,63,148,0,12,24812871.192173,86,160,0,12,25065706.236563,34,160,0,1,19461140.151742,44,156,0,1,19524835.948648,35,136,0,1,21702672.198835,33,128,0,1,22497312.499831,60,148,0,12,26280969.152576,52,128,0,1,22332522.317693,42,92,0,1,23734810.918105,93,136,2,1,39384839.846342,
19,1552384137,0.400000,8,148,0,1,23945421.655543,7,120,2,1,24407799.560210,28,184,0,1,20954023.829365,30,176,0,1,21741805.096863,43,160,0,1,19703661.066536,13,180,0,1,20296635.335278,15,172,0,1,21471121.402636,80,172,0,12,23585152.528865,78,140,0,12,24189212.049452,63,148,0,12,24812814.557491,86,156,0,12,25065791.428526,34,160,0,1,19461160.071166,44,160,0,1,19524775.474919,35,148,0,1,21702544.166587,33,124,0,1,22497476.331200,60,148,0,12,26280861.598159,52,128,0,1,22332480.271393,42,92,0,1,23734968.519747,93,136,2,1,39384840.291323,
18,1552384137,0.600000,8,148,0,1,23945484.170948,7,116,2,1,24407929.293854,28,184,0,1,20954009.293334,30,176,0,1,21741900.697881,43,160,0,1,19703731.486889,13,180,0,1,20296631.365353,15,172,0,1,21471046.017696,80,172,0,12,23585133.080598,78,140,0,12,24189277.426693,63,148,0,12,24812757.809383,86,156,0,12,25065876.882243,34,168,0,1,19461179.929514,44,160,0,1,19524714.975014,35,148,0,1,21702416.195416,33,124,0,1,22497640.075318,60,148,0,12,26280754.078642,52,128,0,1,22332438.425771,42,92,0,1,23735125.580431,
18,1552384137,0.800000,8,148,0,1,23945546.729979,7,116,2,1,24408058.695943,28,184,0,1,20953994.635151,30,176,0,1,21741996.316349,43,160,0,1,19703801.750191,13,180,0,1,20296627.282002,15,168,0,1,21470970.728731,80,172,0,12,23585113.745756,78,140,0,12,24189343.118037,63,148,0,12,24812701.035100,86,156,0,12,25065962.405760,34,168,0,1,19461199.988539,44,160,0,1,19524654.544910,35,152,0,1,21702288.241694,33,124,0,1,22497806.620196,60,136,0,12,26280646.149046,52,124,0,1,22332396.396922,42,92,0,1,23735282.710917,
18,1552384138,0.000000,8,148,0,1,23945609.428611,7,120,2,1,24408186.326836,28,184,0,1,20953980.020594,30,172,0,1,21742091.786491,43,160,0,1,19703871.969867,13,180,0,1,20296623.251002,15,168,0,1,21470895.448492,80,168,0,12,23585094.114261,78,140,0,12,24189408.861733,63,148,0,12,24812644.278266,86,156,0,12,25066047.754775,34,168,0,1,19461220.030114,44,160,0,1,19524594.001379,35,152,0,1,21702160.148371,33,124,0,1,22497970.678418,60,136,0,12,26280538.376501,52,124,0,1,22332354.306996,42,92,0,1,23735439.727976,
18,1552384138,0.200000,8,148,0,1,23945671.795689,7,120,2,1,24408315.772551,28,184,0,1,20953965.449662,30,168,0,1,21742187.404959,43,160,0,1,19703942.311695,13,180,0,1,20296619.272352,15,168,0,1,21470820.054826,80,168,0,12,23585074.622368,78,140,0,12,24189474.204073,63,148,0,12,24812587.695935,86,156,0,12,25066133.068889,34,168,0,1,19461239.949537,44,160,0,1,19524533.510199,35,152,0,1,21702032.055047,33,124,0,1,22498136.455487,60,140,0,12,26280430.682482,52,124,0,1,22332312.461374,42,92,0,1,23735596.945713,
18,1552384138,0.400000,8,148,0,1,23945734.276194,7,120,2,1,24408446.422331,28,184,0,1,20953950.721678,30,172,0,1,21742282.927451,43,160,0,1,19704012.758224,13,180,0,1,20296615.171551,15,168,0,1,21470744.713511,80,168,0,12,23585054.973423,78,140,0,12,24189539.808167,63,148,0,12,24812531.052529,86,156,0,12,25066218.417904,34,168,0,1,19461259.895136,44,160,0,1,19524472.975394,35,156,0,1,21701904.066425,33,124,0,1,22498301.586897,60,140,0,12,26280322.936113,52,124,0,1,22332271.252685,42,92,0,1,23735754.634606,
18,1552384138,0.600000,8,148,0,1,23945796.852675,7,120,2,1,24408577.639244,28,184,0,1,20953936.089671,30,172,0,1,21742378.545919,43,160,0,1,19704083.082601,13,180,0,1,20296611.245252,15,168,0,1,21470669.328570,80,168,0,12,23585035.542606,78,140,0,12,24189605.394810,63,148,0,12,24812474.356771,86,156,0,12,25066303.836720,34,168,0,1,19461279.910536,44,160,0,1,19524412.484214,35,156,0,1,21701776.156329,33,124,0,1,22498465.479342,60,140,0,12,26280215.119942,52,124,0,1,22332227.836543,42,92,0,1,23735912.140271,
19,1552384138,0.800000,8,148,0,1,23945859.516407,7,124,2,1,24408703.839218,28,184,0,1,20953921.501289,30,172,0,1,21742474.112036,43,160,0,1,19704153.337178,13,180,0,1,20296607.467280,15,168,0,1,21470593.952355,80,168,0,12,23585015.884935,78,140,0,12,24189670.841852,63,148,0,12,24812417.608663,86,156,0,12,25066389.351512,34,168,0,1,19461299.969561,44,160,0,1,19524351.914509,35,156,0,1,21701648.010655,33,124,0,1,22498629.877844,60,140,0,12,26280107.486999,52,124,0,1,22332188.460127,42,92,0,1,23736069.392908,93,136,3,1,39384843.397461,
19,1552384139,0.000000,8,148,0,1,23945922.223764,7,124,2,1,24408833.346009,28,184,0,1,20953906.930357,30,176,0,1,21742569.765405,43,160,0,1,19704223.609205,13,180,0,1,20296603.654407,15,168,0,1,21470518.637215,80,168,0,12,23584996.471568,78,140,0,12,24189736.437220,63,148,0,12,24812360.947806,86,156,0,12,25066474.665627,34,168,0,1,19461319.984961,44,160,0,1,19524291.379703,35,156,0,1,21701520.118009,33,124,0,1,22498796.544873,60,140,0,12,26279999.758080,52,124,0,1,22332148.455503,42,92,0,1,23736226.750246,93,140,2,1,39384843.824992,
19,1552384139,0.200000,8,148,0,1,23945984.826420,7,124,2,1,24408961.273556,28,184,0,1,20953892.376875,30,176,0,1,21742665.314072,43,160,0,1,19704293.951033,13,180,0,1,20296599.841535,15,168,0,1,21470443.226099,80,172,0,12,23584976.840073,78,140,0,12,24189802.102389,63,148,0,12,24812304.374200,86,156,0,12,25066560.154243,34,168,0,1,19461339.852034,44,160,0,1,19524230.993225,35,160,0,1,21701392.173013,33,124,0,1,22498961.370905,60,144,0,12,26279892.081511,52,124,0,1,22332109.550242,42,92,0,1,23736384.247187,93,140,3,1,39384844.296148,
20,1552384139,0.400000,8,140,0,1,23946047.385451,7,124,2,1,24409088.145364,28,184,0,1,20953877.832119,30,176,0,1,21742760.897640,43,160,0,1,19704364.388836,13,176,0,1,20296596.011212,15,168,0,1,21470368.102912,80,172,0,12,23584957.496507,78,140,0,12,24189867.348753,63,144,0,12,24812247.791869,86,156,0,12,25066645.538159,20,112,0,1,24076579.743153,34,168,0,1,19461359.849984,44,160,0,1,19524170.423519,35,160,0,1,21701264.228017,33,124,0,1,22499127.270125,60,152,0,12,26279784.335142,52,124,0,1,22332068.786534,42,92,0,1,23736541.447473,93,140,2,1,39384844.749853,
20,1552384139,0.600000,8,140,0,1,23946109.996832,7,124,2,1,24409216.640042,28,184,0,1,20953863.217561,30,176,0,1,21742856.524833,43,156,0,1,19704434.756840,13,176,0,1,20296592.023837,15,168,0,1,21470292.683071,80,172,0,12,23584938.039514,78,140,0,12,24189932.891771,63,144,0,12,24812191.305514,86,156,0,12,25066731.009325,20,112,0,1,24076487.335525,34,168,0,1,19461379.909009,44,160,0,1,19524110.063216,35,160,0,1,21701136.370271,33,124,0,1,22499291.223646,60,152,0,12,26279676.815625,52,124,0,1,22332026.504656,42,92,0,1,23736699.049115,93,140,2,1,39384845.072682,
20,1552384139,0.800000,8,140,0,1,23946172.529687,7,124,2,1,24409344.131333,28,184,0,1,20953848.498303,30,176,0,1,21742952.099675,43,160,0,1,19704505.089942,13,176,0,1,20296588.045188,15,168,0,1,21470217.455182,80,172,0,12,23584918.477820,78,140,0,12,24189998.408614,63,144,0,12,24812134.888960,86,156,0,12,25066816.332165,20,112,0,1,24076389.762632,34,168,0,1,19461399.924409,44,160,0,1,19524049.563311,35,160,0,1,21701008.416550,33,128,0,1,22499457.096690,60,152,0,12,26279569.357185,52,124,0,1,22331986.657084,42,92,0,1,23736856.249401,93,140,2,1,39384845.648540,
20,1552384140,0.000000,8,144,0,1,23946235.079993,7,120,2,1,24409471.273619,28,184,0,1,20953833.761594,30,176,0,1,21743047.726869,43,160,0,1,19704575.510296,13,176,0,1,20296584.005462,15,168,0,1,21470142.148767,80,172,0,12,23584899.099353,78,140,0,12,24190063.960357,63,144,0,12,24812078.201928,86,160,0,12,25066901.733531,20,112,0,1,24076301.848435,34,168,0,1,19461419.965984,44,160,0,1,19523989.089581,35,160,0,1,21700880.436653,33,128,0,1,22499622.873759,60,152,0,12,26279461.846393,52,124,0,1,22331944.724211,42,92,0,1,23737013.214110,93,140,2,1,39384846.189496,
20,1552384140,0.200000,8,144,0,1,23946297.700099,7,120,0,1,24409602.307304,28,184,0,1,20953819.269188,30,176,0,1,21743143.423863,43,160,0,1,19704645.773598,13,176,0,1,20296579.974462,15,168,0,1,21470066.667851,80,172,0,12,23584879.694711,78,140,0,12,24190129.311422,63,144,0,12,24812021.706848,86,160,0,12,25066987.047645,20,112,0,1,24076212.014714,34,168,0,1,19461440.033734,44,160,0,1,19523928.458800,35,160,0,1,21700752.491656,33,128,0,1,22499788.694453,60,152,0,12,26279354.501379,52,124,0,1,22331899.833526,42,92,0,1,23737170.047942,93,140,2,1,39384846.774079,
20,1552384140,0.400000,8,144,0,1,23946360.224229,7,120,0,1,24409729.266363,28,184,0,1,20953804.637180,30,176,0,1,21743239.094681,43,160,0,1,19704716.220127,13,176,0,1,20296576.091788,15,168,0,1,21469991.282910,80,172,0,12,23584860.185368,78,140,0,12,24190194.941691,63,144,0,12,24811965.054716,86,160,0,12,25067072.562437,20,112,0,1,24076120.671549,34,168,0,1,19461459.979333,44,160,0,1,19523867.871644,35,160,0,1,21700624.424508,33,128,0,1,22499954.122517,60,148,0,12,26279246.781185,52,124,0,1,22331855.920053,42,92,0,1,23737327.440181,93,144,2,1,39384847.262685,
19,1552384140,0.600000,8,152,0,1,23946422.905412,7,120,0,1,24409858.066421,28,184,0,1,20953789.978998,30,176,0,1,21743334.730600,43,160,0,1,19704786.492153,13,176,0,1,20296572.226565,15,168,0,1,21469915.889244,80,172,0,12,23584840.815626,78,140,0,12,24190260.606860,63,144,0,12,24811908.437485,86,160,0,12,25067157.867827,34,168,0,1,19461480.029633,44,160,0,1,19523807.537516,35,160,0,1,21700496.549313,33,128,0,1,22500119.219027,60,148,0,12,26279138.903939,52,120,0,1,22331815.025467,42,92,0,1,23737484.884770,93,144,2,1,39384847.829817,
20,1552384140,0.800000,8,152,0,1,23946485.438267,7,124,0,1,24409987.608112,28,184,0,1,20953775.416791,30,176,0,1,21743430.375243,43,160,0,1,19704856.738005,13,176,0,1,20296568.387517,15,168,0,1,21469840.547929,80,172,0,12,23584821.349908,78,140,0,12,24190326.263305,63,144,0,12,24811851.698102,86,152,0,12,25067243.295368,20,108,0,1,24075934.242148,34,168,0,1,19461500.010132,44,160,0,1,19523747.159763,35,160,0,1,21700368.621766,33,128,0,1,22500283.914182,60,148,0,12,26279031.375697,52,124,0,1,22331773.371798,42,92,0,1,23737641.736052,93,144,2,1,39384848.309698,
20,1552384141,0.000000,8,152,0,1,23946548.206700,7,124,0,1,24410116.094065,28,184,0,1,20953760.959285,30,172,0,1,21743525.906460,43,160,0,1,19704927.079833,13,176,0,1,20296564.452493,15,168,0,1,21469765.154263,80,172,0,12,23584801.919091,78,140,0,12,24190391.937199,63,144,0,12,24811795.264098,86,152,0,12,25067328.845060,20,108,0,1,24075839.426390,34,168,0,1,19461520.182584,44,160,0,1,19523686.720933,35,160,0,1,21700240.650595,33,128,0,1,22500449.001967,60,148,0,12,26278923.803830,52,120,0,1,22331732.800041,42,92,0,1,23737799.634348,93,144,2,1,39384848.894280,
20,1552384141,0.200000,8,152,0,1,23946610.643579,7,124,0,1,24410242.852447,28,184,0,1,20953746.397079,30,172,0,1,21743621.551104,43,160,0,1,19704997.447836,13,176,0,1,20296560.587270,15,168,0,1,21469689.778048,80,172,0,12,23584782.558074,78,140,0,12,24190457.497667,63,144,0,12,24811738.481089,86,152,0,12,25067414.333677,20,108,0,1,24075745.718721,34,168,0,1,19461540.232884,44,160,0,1,19523626.203578,35,160,0,1,21700112.670698,33,128,0,1,22500614.866287,60,148,0,12,26278816.275588,52,124,0,1,22331689.811430,42,92,0,1,23737956.747383,93,144,2,1,39384849.505038,
20,1552384141,0.400000,8,152,0,1,23946673.211335,7,124,0,1,24410370.116885,28,184,0,1,20953731.765071,30,172,0,1,21743717.213197,43,160,0,1,19705067.903090,13,176,0,1,20296556.643521,15,168,0,1,21469614.532709,80,172,0,12,23584762.935304,78,140,0,12,24190523.276263,63,144,0,12,24811682.003459,86,152,0,12,25067499.499464,20,108,0,1,24075654.846712,34,168,0,1,19461560.213384,44,160,0,1,19523565.808375,35,160,0,1,21699984.708251,33,128,0,1,22500779.840645,60,148,0,12,26278708.468143,52,124,0,1,22331648.210111,42,92,0,1,23738114.514802,93,148,2,1,39384850.002369,
20,1552384141,0.600000,8,148,0,1,23946735.805266,7,124,0,1,24410498.620288,28,184,0,1,20953717.281390,30,172,0,1,21743812.718239,43,160,0,1,19705138.236192,13,176,0,1,20296552.682321,15,168,0,1,21469539.208844,80,172,0,12,23584743.600463,78,140,0,12,24190588.836731,63,144,0,12,24811625.150650,86,156,0,12,25067585.084057,20,112,0,1,24075560.030954,34,168,0,1,19461580.193883,44,160,0,1,19523505.386996,35,160,0,1,21699856.798155,33,128,0,1,22500944.945880,60,148,0,12,26278601.131853,52,120,0,1,22331608.510866,42,92,0,1,23738271.924491,93,148,2,1,39384850.534600,
20,1552384141,0.800000,8,148,0,1,23946798.390472,7,128,0,1,24410627.830425,28,184,0,1,20953702.719184,30,172,0,1,21743908.432683,43,160,0,1,19705208.586745,13,176,0,1,20296548.703672,15,168,0,1,21469463.989681,80,172,0,12,23584724.405223,78,140,0,12,24190654.196522,63,144,0,12,24811568.603219,86,160,0,12,25067670.581399,20,112,3,1,24075468.696514,34,168,0,1,19461600.287809,44,160,0,1,19523444.948167,35,160,0,1,21699728.896784,33,128,0,1,22501109.998765,60,152,0,12,26278493.437835,52,120,0,1,22331566.534367,42,96,0,1,23738429.028801,93,148,2,1,39384850.831254,
20,1552384142,0.000000,8,148,0,1,23946861.028028,7,124,0,1,24410757.555344,28,184,0,1,20953688.165702,30,172,0,1,21744004.103502,43,160,0,1,19705279.059450,13,176,0,1,20296544.716297,15,168,0,1,21469388.691991,80,172,0,12,23584704.904605,78,140,0,12,24190719.914042,63,144,0,12,24811512.020888,86,160,0,12,25067755.886788,20,108,2,1,24075377.536577,34,168,0,1,19461620.442810,44,160,0,1,19523384.422086,35,160,0,1,21699600.899437,33,128,0,1,22501274.728820,60,152,0,12,26278386.031744,52,120,0,1,22331524.880697,42,96,0,1,23738585.880083,93,148,2,1,39384851.284960,
20,1552384142,0.200000,8,148,0,1,23946923.779011,7,124,0,1,24410884.627830,28,184,0,1,20953673.673296,30,172,0,1,21744099.652169,43,160,0,1,19705349.444903,13,176,0,1,20296540.877249,15,168,0,1,21469313.472827,80,172,0,12,23584685.159684,78,140,0,12,24190785.500685,63,144,0,12,24811455.229155,86,160,0,12,25067841.096202,20,108,2,1,24075287.537079,34,168,0,1,19461640.562911,44,160,0,1,19523324.009433,35,160,0,1,21699472.971891,33,128,0,1,22501439.842781,60,152,0,12,26278278.416252,52,120,0,1,22331483.549856,42,96,0,1,23738743.403199,93,148,2,1,39384851.747391,
19,1552384142,0.400000,8,148,0,1,23946986.495094,7,124,0,1,24411012.590276,28,184,0,1,20953659.180890,30,176,0,1,21744195.314263,43,160,0,1,19705419.908882,13,176,0,1,20296537.108002,15,168,0,1,21469238.218763,80,172,0,12,23584665.920819,78,140,0,12,24190851.148404,63,144,0,12,24811398.550847,86,160,0,12,25067926.419041,34,168,0,1,19461660.674287,44,160,0,1,19523263.692755,35,160,0,1,21699345.053070,33,128,0,1,22501604.852040,60,152,0,12,26278170.966536,52,120,0,1,22331442.280091,42,96,0,1,23738900.437708,93,148,2,1,39384852.358148,
19,1552384142,0.600000,8,148,0,1,23947049.106475,7,124,0,1,24411142.271570,28,184,0,1,20953644.767011,30,176,0,1,21744290.967631,43,160,0,1,19705490.285610,13,176,0,1,20296533.260229,15,168,0,1,21469162.886173,80,172,0,12,23584646.332949,78,140,0,12,24190916.813573,63,144,0,12,24811342.125568,86,160,0,12,25068011.855307,34,172,0,1,19461680.855464,44,160,0,1,19523203.114324,35,160,0,1,21699217.134248,33,128,0,1,22501769.904924,60,152,0,12,26278063.316143,52,124,0,1,22331400.408294,42,96,0,1,23739057.969549,93,148,2,1,39384853.012531,
19,1552384142,0.800000,8,148,0,1,23947111.787657,7,124,0,1,24411270.600471,28,184,0,1,20953630.379306,30,172,0,1,21744386.638450,43,160,0,1,19705560.653613,13,176,0,1,20296529.499707,15,168,0,1,21469087.466332,80,172,0,12,23584626.989383,78,140,0,12,24190982.557269,63,144,0,12,24811285.490887,86,160,0,12,25068097.361374,34,172,0,1,19461701.080266,44,160,0,1,19523142.727846,35,160,0,1,21699089.215427,33,128,0,1,22501934.748406,60,152,0,12,26277955.796626,52,124,0,1,22331360.080841,42,96,0,1,23739215.108760,93,148,2,1,39384853.605839,
19,1552384143,0.000000,8,144,0,1,23947174.460114,7,124,0,1,24411399.339452,28,184,0,1,20953615.843275,30,172,0,1,21744482.309269,43,160,0,1,19705630.951815,13,176,0,1,20296525.625759,15,168,0,1,21469012.177368,80,172,0,12,23584607.340438,78,140,0,12,24191048.143912,63,144,0,12,24811228.795129,86,160,0,12,25068183.033218,34,172,0,1,19461721.278893,44,160,0,1,19523082.315192,35,160,0,1,21698961.261706,33,128,0,1,22502099.818741,60,152,0,12,26277848.277109,52,124,0,1,22331318.147967,42,96,0,1,23739371.890241,93,148,2,1,39384854.111895,
19,1552384143,0.200000,8,144,0,1,23947237.054045,7,124,0,1,24411527.057596,28,184,0,1,20953601.385769,30,172,0,1,21744577.997538,43,160,0,1,19705701.328544,13,176,0,1,20296521.751810,15,168,0,1,21468936.993105,80,172,0,12,23584588.171373,78,140,0,12,24191113.843982,63,144,0,12,24811172.317500,86,156,0,12,25068268.286257,34,172,0,1,19461741.503696,44,160,0,1,19523022.024690,35,160,0,1,21698833.508662,33,128,0,1,22502264.627322,60,152,0,12,26277740.522015,52,120,0,1,22331275.586886,42,96,0,1,23739529.177778,93,148,2,1,39384854.556876,
19,1552384143,0.400000,8,144,0,1,23947299.665427,7,128,0,1,24411655.569724,28,184,0,1,20953586.954439,30,176,0,1,21744673.807958,43,160,0,1,19705771.818698,13,176,0,1,20296517.895312,15,168,0,1,21468861.773941,80,172,0,12,23584568.871433,78,140,0,12,24191179.369550,63,144,0,12,24811115.604292,86,156,0,12,25068353.565471,34,172,0,1,19461761.615072,44,160,0,1,19522961.577135,35,160,0,1,21698705.685817,33,128,0,1,22502429.619131,60,152,0,12,26277633.115925,52,124,0,1,22331235.547362,42,96,0,1,23739686.325714,93,148,2,1,39384854.923330,
19,1552384143,0.600000,8,148,0,1,23947362.215732,7,128,0,1,24411781.664998,28,184,0,1,20953572.252631,30,180,0,1,21744769.635829,43,160,0,1,19705842.282677,13,180,0,1,20296513.873037,15,168,0,1,21468786.650754,80,172,0,12,23584549.466791,78,140,0,12,24191244.947468,63,144,0,12,24811058.760208,86,156,0,12,25068438.757434,34,172,0,1,19461781.726448,44,160,0,1,19522901.059780,35,160,0,1,21698577.836796,33,128,0,1,22502594.567314,60,152,0,12,26277525.779635,52,124,0,1,22331193.605763,42,100,0,1,23739843.726678,93,148,2,1,39384855.246159,
19,1552384143,0.800000,8,148,0,1,23947424.809663,7,128,0,1,24411910.718083,28,184,0,1,20953557.603173,30,180,0,1,21744865.324098,43,160,0,1,19705912.615780,13,180,0,1,20296510.086340,15,168,0,1,21468711.483941,80,168,0,12,23584530.149399,78,140,0,12,24191310.673713,63,144,0,12,24811002.073175,86,156,0,12,25068524.324577,34,172,0,1,19461801.863999,44,156,0,1,19522840.708202,35,160,0,1,21698449.952876,33,128,0,1,22502759.637649,60,152,0,12,26277418.190318,52,124,0,1,22331151.175559,42,100,0,1,23740000.900789,93,148,2,1,39384855.656239,
19,1552384144,0.000000,8,148,0,1,23947487.647897,7,128,0,1,24412039.265112,28,184,0,1,20953543.093317,30,176,0,1,21744961.047267,43,160,0,1,19705983.001233,13,180,0,1,20296506.186216,15,168,0,1,21468636.352028,80,168,0,12,23584510.779658,78,140,0,12,24191376.382508,63,144,0,12,24810945.307617,86,156,0,12,25068609.752118,34,172,0,1,19461822.097526,44,156,0,1,19522780.278098,35,160,0,1,21698322.147481,33,128,0,1,22502924.699258,60,152,0,12,26277310.662076,52,124,0,1,22331111.432688,42,100,0,1,23740158.092351,93,152,2,1,39384856.188471,
19,1552384144,0.200000,8,144,0,1,23947550.294179,7,128,0,1,24412166.983256,28,184,0,1,20953528.566011,30,176,0,1,21745056.726811,43,160,0,1,19706053.456487,13,180,0,1,20296502.329718,15,168,0,1,21468561.115415,80,168,0,12,23584491.427366,78,144,0,12,24191441.986601,63,144,0,12,24810888.786362,86,156,0,12,25068695.170934,34,172,0,1,19461842.287428,44,156,0,1,19522719.874169,35,160,0,1,21698194.359536,33,128,0,1,22503089.699792,60,152,0,12,26277203.395588,52,124,0,1,22331066.367501,42,100,0,1,23740315.737618,93,152,2,1,39384856.764328,
19,1552384144,0.400000,8,144,0,1,23947612.905560,7,128,0,1,24412292.895302,28,184,0,1,20953514.056155,30,176,0,1,21745152.345279,43,160,0,1,19706123.894291,13,180,0,1,20296498.630272,15,164,0,1,21468485.896251,80,168,0,12,23584471.787146,78,144,0,12,24191507.581970,63,144,0,12,24810832.273832,86,156,0,12,25068780.589750,34,172,0,1,19461862.538406,44,156,0,1,19522659.487691,35,160,0,1,21698066.458166,33,124,0,1,22503254.709051,60,152,0,12,26277095.884796,52,124,0,1,22331023.588292,42,100,0,1,23740472.998980,93,152,2,1,39384857.244209,
19,1552384144,0.600000,8,144,0,1,23947675.578017,7,128,0,1,24412420.133564,28,184,0,1,20953499.642275,30,176,0,1,21745247.946297,43,160,0,1,19706194.410621,13,180,0,1,20296494.782499,15,164,0,1,21468410.729438,80,168,0,12,23584452.408679,78,144,0,12,24191573.308215,63,144,0,12,24810775.621700,86,156,0,12,25068866.008565,34,172,0,1,19461882.675957,44,156,0,1,19522599.188463,35,160,0,1,21697938.626595,33,124,0,1,22503419.823011,60,152,0,12,26276988.330379,52,124,0,1,22330980.652031,42,100,0,1,23740630.146916,93,152,2,1,39384857.802616,
19,1552384144,0.800000,8,144,0,1,23947738.171948,7,128,0,1,24412548.349039,28,184,0,1,20953485.193494,30,176,0,1,21745343.747993,43,160,0,1,19706264.848425,13,180,0,1,20296491.021977,15,164,0,1,21468335.492824,80,168,0,12,23584433.134914,78,144,0,12,24191639.287488,63,144,0,12,24810719.135345,86,156,0,12,25068951.340130,34,172,0,1,19461903.040361,44,156,0,1,19522538.679833,35,160,0,1,21697810.847376,33,124,0,1,22503584.884621,60,148,0,12,26276880.967915,52,124,0,1,22330938.998362,42,100,0,1,23740787.678757,93,152,2,1,39384858.256322,
19,1552384145,0.000000,8,144,0,1,23947800.722254,7,128,0,1,24412677.375949,28,184,0,1,20953470.666188,30,176,0,1,21745439.436262,43,160,0,1,19706335.347305,13,180,0,1,20296487.305081,15,164,0,1,21468260.360912,80,168,0,12,23584413.765172,78,140,0,12,24191705.092259,63,148,0,12,24810662.666440,86,156,0,12,25069036.680420,34,172,0,1,19461923.273889,44,156,0,1,19522478.153753,35,160,0,1,21697682.928555,33,124,0,1,22503749.972406,60,140,0,12,26276773.230270,52,124,0,1,22330896.105726,42,100,0,1,23740944.835418,93,140,2,1,39384858.788553,
18,1552384145,0.200000,8,144,0,1,23947863.429611,7,132,0,1,24412806.446485,28,184,0,1,20953456.051631,30,176,0,1,21745535.168156,43,168,0,1,19706406.011961,13,180,0,1,20296483.474758,15,172,0,1,21468185.211549,80,168,0,12,23584394.142402,78,140,0,12,24191770.870855,63,144,0,12,24810606.188811,86,156,0,12,25069122.160312,34,172,0,1,19461943.612118,44,156,0,1,19522417.680024,35,152,0,1,21697555.158061,33,128,0,1,22503914.946764,60,128,0,12,26276665.649678,52,124,0,1,22330853.439944,42,100,0,1,23741102.341083,
18,1552384145,0.400000,8,140,0,1,23947926.040992,7,128,0,1,24412935.263992,28,184,0,1,20953441.454524,30,176,0,1,21745630.838975,43,164,0,1,19706476.571917,13,180,0,1,20296479.688061,15,172,0,1,21468110.097087,80,172,0,12,23584375.086765,78,140,0,12,24191836.640726,63,144,0,12,24810549.711181,86,160,0,12,25069207.587852,34,172,0,1,19461963.880546,44,156,0,1,19522357.415697,35,144,0,1,21697427.274140,33,128,0,1,22504080.147976,60,140,0,12,26276557.816057,52,124,0,1,22330812.449382,42,100,0,1,23741259.401768,
18,1552384145,0.600000,8,144,0,1,23947988.582573,7,128,0,1,24413063.906997,28,184,0,1,20953426.962118,30,176,0,1,21745726.562144,43,164,0,1,19706546.931195,13,180,0,1,20296475.814112,15,172,0,1,21468034.947724,80,172,0,12,23584356.100928,78,140,0,12,24191902.009242,63,144,0,12,24810492.928172,86,160,0,12,25069292.875792,34,172,0,1,19461984.140248,44,156,0,1,19522296.959417,35,132,0,1,21697299.477470,33,128,0,1,22504245.069984,60,144,0,12,26276450.270365,52,124,0,1,22330771.135992,42,100,0,1,23741416.759106,
18,1552384145,0.800000,8,152,0,1,23948051.237579,7,128,0,1,24413190.962033,28,184,0,1,20953412.478437,30,176,0,1,21745822.189338,43,160,0,1,19706617.517325,13,180,0,1,20296471.983789,15,168,0,1,21467959.693660,80,176,0,12,23584336.713736,78,140,0,12,24191967.543534,63,148,0,12,24810436.310941,86,164,0,12,25069378.704688,34,172,0,1,19462004.522103,44,156,0,1,19522236.511863,35,128,0,1,21697171.645900,33,128,0,1,22504410.114143,60,140,0,12,26276342.558896,52,128,0,1,22330729.429972,42,100,0,1,23741574.003018,
18,1552384146,0.000000,8,152,0,1,23948113.997288,7,128,0,1,24413318.793603,28,184,0,1,20953398.012207,30,176,0,1,21745917.964858,43,164,0,1,19706688.138357,13,180,0,1,20296468.310519,15,168,0,1,21467884.387246,80,172,0,12,23584317.692998,78,144,0,12,24192033.295955,63,152,0,12,24810379.946738,86,164,0,12,25069464.071153,34,172,0,1,19462024.781805,44,156,0,1,19522176.011958,35,128,0,1,21697043.753254,33,128,0,1,22504575.105952,60,144,0,12,26276234.864878,52,128,0,1,22330687.566899,42,104,0,1,23741731.185855,
18,1552384146,0.200000,8,160,0,1,23948176.669745,7,128,0,1,24413445.970790,28,184,0,1,20953383.511076,30,176,0,1,21746013.705477,43,164,0,1,19706758.602336,13,180,0,1,20296464.549997,15,168,0,1,21467809.150632,80,172,0,12,23584298.471584,78,144,0,12,24192098.996024,63,156,0,12,24810323.399307,86,164,0,12,25069549.751722,34,172,0,1,19462044.989158,44,156,0,1,19522115.546954,35,128,0,1,21696915.974035,33,128,0,1,22504740.054135,60,144,0,12,26276127.336636,52,128,0,1,22330645.695102,42,104,0,1,23741888.159288,
18,1552384146,0.400000,8,160,0,1,23948239.289851,7,128,0,1,24413572.519769,28,184,0,1,20953369.001220,30,176,0,1,21746109.463547,43,164,0,1,19706829.101216,13,180,0,1,20296460.815650,15,168,0,1,21467733.922743,80,172,0,12,23584278.813913,78,144,0,12,24192164.774620,63,156,0,12,24810267.035104,86,164,0,12,25069635.345040,34,172,0,1,19462065.240135,44,156,0,1,19522055.151750,35,132,0,1,21696788.116290,33,128,0,1,22504905.246621,60,144,0,12,26276019.572816,52,128,0,1,22330602.741391,42,104,0,1,23742045.717304,
18,1552384146,0.600000,8,160,0,1,23948301.953583,7,128,0,1,24413699.705681,28,184,0,1,20953354.430288,30,172,0,1,21746205.151816,43,164,0,1,19706899.826948,13,180,0,1,20296457.124929,15,168,0,1,21467658.659954,80,172,0,12,23584259.383096,78,144,0,12,24192230.274013,63,156,0,12,24810210.636000,86,164,0,12,25069720.816206,34,168,0,1,19462085.482388,44,160,0,1,19521994.739096,35,144,0,1,21696660.267269,33,128,0,1,22505069.749824,60,144,0,12,26275912.253977,52,128,0,1,22330562.300511,42,104,0,1,23742202.699463,
18,1552384146,0.800000,8,160,0,1,23948364.643490,7,124,0,1,24413827.258047,28,184,0,1,20953339.868081,30,176,0,1,21746300.813910,43,164,0,1,19706970.360728,13,180,0,1,20296453.364407,15,168,0,1,21467583.571667,80,176,0,12,23584239.917378,78,144,0,12,24192295.947907,63,156,0,12,24810153.809366,86,164,0,12,25069806.121596,34,168,0,1,19462105.785716,44,160,0,1,19521934.535845,35,144,0,1,21696532.383349,33,128,0,1,22505235.099362,60,144,0,12,26275804.350556,52,128,0,1,22330519.748155,42,104,0,1,23742360.056801,
18,1552384147,0.000000,8,160,0,1,23948427.368298,7,124,0,1,24413955.560773,28,180,0,1,20953325.366950,30,176,0,1,21746396.563255,43,164,0,1,19707040.868333,13,176,0,1,20296449.673686,15,168,0,1,21467508.474655,80,172,0,12,23584220.521461,78,144,0,12,24192361.534550,63,156,0,12,24810097.279385,86,164,0,12,25069891.775990,34,168,0,1,19462125.914542,44,156,0,1,19521874.079566,35,144,0,1,21696404.560504,33,128,0,1,22505397.656865,60,144,0,12,26275696.525660,52,128,0,1,22330477.379027,42,104,0,1,23742516.986610,
18,1552384147,0.200000,8,156,0,1,23948490.058205,7,124,0,1,24414083.418518,28,184,0,1,20953310.909445,30,172,0,1,21746492.399850,43,164,0,1,19707111.463189,13,176,0,1,20296445.799738,15,168,0,1,21467433.290392,80,172,0,12,23584201.265146,78,144,0,12,24192427.286971,63,156,0,12,24810040.793031,86,164,0,12,25069977.255881,34,168,0,1,19462146.156795,44,156,0,1,19521813.579661,35,144,0,1,21696276.659133,33,128,3,1,22505563.765488,60,144,0,12,26275588.901442,52,128,0,1,22330435.271651,42,104,0,1,23742674.457374,
18,1552384147,0.400000,8,156,0,1,23948552.643411,7,124,0,1,24414212.349452,28,184,0,1,20953296.277437,30,172,0,1,21746588.131745,43,164,0,1,19707182.110395,13,180,0,1,20296441.838538,15,164,0,1,21467358.167205,80,176,0,12,23584181.877954,78,144,0,12,24192493.048116,63,152,0,12,24809984.393927,86,164,0,12,25070062.613621,34,168,0,1,19462166.329247,44,156,0,1,19521753.324059,35,140,0,1,21696148.783937,33,128,2,1,22505729.839210,60,140,0,12,26275481.032921,52,128,0,1,22330393.696507,42,104,0,1,23742832.024116,
18,1552384147,0.600000,8,156,0,1,23948615.315868,7,120,0,1,24414341.419988,28,184,0,1,20953281.758856,30,172,0,1,21746684.099217,43,164,0,1,19707252.713976,13,180,0,1,20296438.243793,15,164,0,1,21467283.009117,80,176,0,12,23584162.560563,78,144,0,12,24192558.564959,63,152,0,12,24809927.741795,86,164,0,12,25070147.866660,34,168,0,1,19462186.615125,44,148,0,1,19521693.085907,35,140,0,1,21696020.961092,33,128,2,1,22505893.234324,60,140,0,12,26275373.321452,52,128,0,1,22330351.973037,42,104,0,1,23742989.067350,
19,1552384147,0.800000,8,156,0,1,23948678.031950,7,120,0,1,24414469.260283,28,184,0,1,20953267.292626,30,172,0,1,21746779.961988,43,164,0,1,19707323.369908,13,180,0,1,20296434.465821,15,164,0,1,21467207.912105,80,172,0,12,23584143.286797,78,144,0,12,24192624.343555,63,152,0,12,24809871.272890,86,164,0,12,25070233.285476,34,168,0,1,19462206.892278,44,148,0,1,19521632.708154,35,140,0,1,21695893.199323,33,128,2,1,22506060.887291,60,140,0,12,26275265.601258,52,124,0,1,22330309.699884,42,104,0,1,23743146.189111,93,140,3,1,39384863.735690,
19,1552384148,0.000000,8,156,0,1,23948740.809109,7,120,0,1,24414597.685160,28,184,0,1,20953252.616992,30,172,0,1,21746875.894560,43,164,0,1,19707393.990939,13,180,0,1,20296430.696574,15,164,0,1,21467132.788917,80,172,0,12,23584123.969406,78,144,0,12,24192689.912748,63,152,0,12,24809815.126815,86,164,0,12,25070318.948595,34,168,0,1,19462227.204331,44,152,0,1,19521572.487453,35,140,0,1,21695765.498630,33,128,2,1,22506227.170416,60,128,0,12,26275157.645486,52,124,0,1,22330269.206654,42,104,0,1,23743303.319596,93,140,2,1,39384864.049794,
19,1552384148,0.200000,8,156,0,1,23948803.568817,7,120,0,1,24414726.284540,28,184,0,1,20953238.185662,30,172,0,1,21746971.731156,43,164,0,1,19707464.611970,13,176,0,1,20296426.909877,15,164,0,1,21467057.543578,80,172,0,12,23584104.643290,78,144,0,12,24192755.665168,63,152,0,12,24809758.588109,86,164,0,12,25070404.376136,34,168,0,1,19462247.577460,44,152,0,1,19521512.336552,35,140,0,1,21695637.789211,33,140,3,1,22506391.813220,60,128,0,12,26275050.003818,52,124,0,1,22330227.736212,42,104,0,1,23743460.676935,93,140,2,1,39384864.390073,
19,1552384148,0.400000,8,156,0,1,23948866.215099,7,120,0,1,24414854.473840,28,184,0,1,20953223.693257,30,176,0,1,21747067.646278,43,164,0,1,19707535.381328,13,176,0,1,20296423.131905,15,164,0,1,21466982.411666,5,128,0,1,24085629.984479,80,172,0,12,23584085.256098,78,144,0,12,24192821.321612,63,152,0,12,24809702.171555,86,164,0,12,25070489.969454,34,160,0,1,19462267.924414,44,152,0,1,19521452.011149,35,140,0,1,21695509.992542,33,140,2,1,22506555.705665,60,140,0,12,26274942.510477,52,128,0,1,22330184.948278,42,100,0,1,23743617.920847,
19,1552384148,0.600000,8,156,0,1,23948929.053333,7,120,0,1,24414979.478474,28,184,0,1,20953209.227026,30,176,0,1,21747163.517774,43,164,0,1,19707606.089611,13,176,0,1,20296419.432459,15,168,0,1,21466907.253578,5,132,0,1,24085770.057377,80,172,0,12,23584066.296437,78,144,0,12,24192887.222360,63,152,0,12,24809645.824802,86,164,0,12,25070575.615122,34,160,0,1,19462288.332444,44,160,0,1,19521391.895149,35,136,0,1,21695382.195872,33,140,2,1,22506719.589385,60,144,0,12,26274835.008411,52,128,0,1,22330143.320783,42,100,0,1,23743774.937906,
19,1552384148,0.800000,8,156,0,1,23948991.821766,7,120,0,1,24415107.118092,28,184,0,1,20953194.848047,30,176,0,1,21747259.240944,43,164,0,1,19707676.762993,13,176,0,1,20296415.654487,15,168,0,1,21466832.200192,5,132,0,1,24085911.866572,80,172,0,12,23584046.856894,78,144,0,12,24192952.852629,63,152,0,12,24809589.556575,86,164,0,12,25070661.164815,34,160,0,1,19462308.627047,44,160,0,1,19521331.604647,35,136,0,1,21695254.390477,33,136,2,1,22506885.863785,60,144,0,12,26274727.628496,52,128,0,1,22330101.736914,42,100,0,1,23743932.679149,
19,1552384149,0.000000,8,156,0,1,23949054.625099,7,120,0,1,24415235.865798,28,184,0,1,20953180.390541,30,176,0,1,21747354.972838,43,164,0,1,19707747.322948,13,176,0,1,20296412.094642,15,168,0,1,21466757.120630,5,132,0,1,24086050.176997,80,172,0,12,23584027.583129,78,144,0,12,24193018.797002,63,156,0,12,24809533.087671,86,164,0,12,25070746.601081,34,164,0,1,19462328.947826,44,160,0,1,19521271.349045,35,136,0,1,21695126.742134,33,136,2,1,22507052.949620,60,144,0,12,26274620.274756,52,128,0,1,22330060.170496,42,100,0,1,23744090.106289,
19,1552384149,0.200000,8,156,0,1,23949117.419708,7,120,0,1,24415364.177249,28,184,0,1,20953166.020287,30,176,0,1,21747450.704733,43,164,0,1,19707817.882903,13,176,0,1,20296408.377746,15,168,0,1,21466682.093419,5,136,3,1,24086191.811690,80,172,0,12,23584008.562391,78,144,0,12,24193084.566872,63,156,0,12,24809476.644941,86,160,0,12,25070832.316550,34,164,0,1,19462349.286055,44,156,0,1,19521211.093443,35,136,0,1,21694998.962915,33,136,2,1,22507218.115931,60,144,0,12,26274512.720339,52,128,0,1,22330018.394674,42,100,0,1,23744247.585779,
19,1552384149,0.400000,8,156,0,1,23949180.196866,7,120,0,1,24415494.451850,28,184,0,1,20953151.641307,30,176,0,1,21747546.375552,43,164,0,1,19707888.582461,13,176,0,1,20296404.704475,15,168,0,1,21466606.813179,5,136,2,1,24086329.415382,80,172,0,12,23583989.262450,78,148,0,12,24193150.493795,63,156,0,12,24809420.289463,86,160,0,12,25070917.735366,34,164,0,1,19462369.606833,44,156,0,1,19521150.864017,35,136,0,1,21694871.253497,33,136,2,1,22507383.369493,60,144,0,12,26274405.235723,52,124,0,1,22329976.540327,42,100,0,1,23744405.082719,
19,1552384149,0.600000,8,156,0,1,23949243.017650,7,120,0,1,24415623.915015,28,184,0,1,20953137.087826,30,176,0,1,21747642.142347,43,164,0,1,19707959.203492,13,176,0,1,20296400.865427,15,168,0,1,21466531.794693,5,136,2,1,24086469.837284,80,172,0,12,23583969.770557,78,148,0,12,24193216.254940,63,156,0,12,24809363.820559,86,160,0,12,25071003.302509,34,164,0,1,19462390.041038,44,156,0,1,19521090.686941,35,136,0,1,21694743.456827,33,136,2,1,22507550.315726,60,140,0,12,26274297.646405,52,124,0,1,22329935.008809,42,100,0,1,23744562.605834,
19,1552384149,0.800000,8,156,0,1,23949305.899510,7,116,0,1,24415753.369456,28,184,0,1,20953122.726297,30,176,0,1,21747737.848066,43,164,0,1,19708029.955400,13,176,0,1,20296397.096180,15,168,0,1,21466456.654056,5,120,2,1,24086603.724080,80,172,0,12,23583950.566593,78,148,0,12,24193281.998636,63,156,0,12,24809307.456355,86,160,0,12,25071088.817301,34,164,0,1,19462410.475243,44,152,0,1,19521030.518590,35,140,0,1,21694615.607807,33,132,2,1,22507717.314309,60,140,0,12,26274189.934936,52,124,0,1,22329893.477291,42,100,0,1,23744720.137675,
19,1552384150,0.000000,8,156,0,1,23949368.729019,7,116,0,1,24415878.295565,28,184,0,1,20953108.251341,30,176,0,1,21747833.579960,43,164,0,1,19708100.689857,13,176,0,1,20296393.405459,15,168,0,1,21466381.731546,5,120,2,1,24086745.891003,80,172,0,12,23583931.214301,78,144,0,12,24193347.785957,63,152,0,12,24809251.196853,86,160,0,12,25071174.079065,34,164,0,1,19462430.935623,44,152,0,1,19520970.280438,35,140,0,1,21694487.872213,33,128,2,1,22507881.171854,60,136,0,12,26274082.206017,52,124,0,1,22329851.954498,42,100,0,1,23744877.067483,
20,1552384150,0.200000,8,156,0,1,23949431.462552,7,116,0,1,24416007.331200,28,184,0,1,20953093.837461,30,176,0,1,21747929.399106,43,164,0,1,19708171.433040,13,176,0,1,20296389.697288,15,164,0,1,21466306.730510,5,120,2,1,24086883.756449,80,172,0,12,23583911.853285,78,144,0,12,24193413.616903,63,152,0,12,24809194.823925,86,160,0,12,25071259.628757,34,164,0,1,19462451.439629,44,152,0,1,19520910.068462,35,136,0,1,21694360.066818,33,128,2,1,22508045.552905,60,136,0,12,26273974.599250,52,124,0,1,22329810.370629,42,100,0,1,23745034.372471,93,140,3,1,39384868.150595,
20,1552384150,0.400000,8,156,0,1,23949494.248435,7,116,0,1,24416132.362010,28,184,0,1,20953079.257804,30,176,0,1,21748025.113550,43,164,0,1,19708242.132597,13,176,0,1,20296386.128718,15,164,0,1,21466231.703299,5,116,2,1,24087016.474080,80,172,0,12,23583892.614419,78,144,0,12,24193479.439124,63,152,0,12,24809138.546973,86,160,0,12,25071345.126099,34,164,0,1,19462471.900009,44,152,0,1,19520849.725609,35,140,0,1,21694232.305049,33,124,2,1,22508211.783679,60,136,0,12,26273867.027382,52,124,0,1,22329768.804210,42,96,0,1,23745191.799610,93,140,2,1,39384868.551950,
20,1552384150,0.600000,8,156,0,1,23949556.947067,7,112,0,1,24416260.045253,28,184,0,1,20953064.957351,30,176,0,1,21748120.915246,43,164,0,1,19708312.945581,13,176,0,1,20296382.542698,15,164,0,1,21466156.658637,5,116,2,1,24087147.298362,80,172,0,12,23583873.480256,78,144,0,12,24193545.200270,63,156,0,12,24809082.313646,86,160,0,12,25071430.649616,34,164,0,1,19462492.273139,44,152,0,1,19520789.487457,35,140,0,1,21694104.613081,33,124,2,1,22508376.923815,60,136,0,12,26273759.350814,52,124,0,1,22329727.272692,42,96,0,1,23745349.183124,93,140,2,1,39384869.058007,
19,1552384150,0.800000,8,156,0,1,23949619.671875,7,112,0,1,24416388.801685,28,184,0,1,20953050.587097,30,176,0,1,21748216.620965,43,164,0,1,19708383.618962,13,176,0,1,20296378.930503,15,164,0,1,21466081.587801,5,116,2,1,24087287.842416,80,172,0,12,23583853.927287,78,144,0,12,24193611.013766,63,152,0,12,24809026.027969,86,160,0,12,25071516.234209,34,164,0,1,19462512.637543,44,160,0,1,19520729.301656,35,140,0,1,21693976.956013,33,128,2,1,22508541.156539,60,136,0,12,26273652.145401,52,124,0,1,22329685.688823,42,96,0,1,23745506.880742,
19,1552384151,0.000000,8,156,0,1,23949682.318157,7,112,0,1,24416518.151424,28,180,0,1,20953036.260468,30,176,0,1,21748312.466286,43,164,0,1,19708454.257444,13,180,0,1,20296375.318308,15,164,0,1,21466006.499514,5,132,2,1,24087436.422295,80,172,0,12,23583834.522645,78,144,0,12,24193676.792362,63,152,0,12,24808969.620140,86,160,0,12,25071601.731551,34,172,0,1,19462533.036847,44,160,0,1,19520669.028604,35,140,0,1,21693849.316395,33,140,2,1,22508707.160461,60,144,0,12,26273544.809112,52,124,0,1,22329644.104954,42,100,0,1,23745664.534734,
19,1552384151,0.200000,8,156,0,1,23949744.990614,7,112,0,1,24416645.354786,28,184,0,1,20953021.855313,30,176,0,1,21748408.154555,43,168,0,1,19708525.044252,13,180,0,1,20296371.688663,15,164,0,1,21465931.533378,5,132,2,1,24087579.531530,80,172,0,12,23583814.969676,78,144,0,12,24193742.553507,63,152,0,12,24808913.317012,86,160,0,12,25071687.098016,34,168,0,1,19462553.479777,44,160,0,1,19520608.982405,35,140,0,1,21693721.545901,33,140,2,1,22508870.983105,60,144,0,12,26273437.333221,52,120,0,1,22329602.329133,42,96,0,1,23745821.569243,
19,1552384151,0.400000,8,152,0,1,23949807.645620,7,116,0,1,24416775.228031,28,184,0,1,20953007.589760,30,180,0,1,21748504.017326,43,164,0,1,19708595.839786,13,176,0,1,20296368.015392,15,164,0,1,21465856.453817,5,116,2,1,24087725.040171,80,172,0,12,23583795.940213,78,144,0,12,24193808.244852,63,152,0,12,24808856.856833,86,160,0,12,25071772.551732,34,168,0,1,19462573.870357,44,160,0,1,19520548.944931,35,140,0,1,21693593.915008,33,128,2,1,22509036.367543,60,136,0,12,26273329.700278,52,124,0,1,22329560.474786,42,96,0,1,23745979.048733,
19,1552384151,0.600000,8,152,0,1,23949870.274452,7,116,0,1,24416904.158965,28,184,0,1,20952993.228231,30,176,0,1,21748600.010974,43,164,0,1,19708666.626594,13,176,0,1,20296364.342121,15,164,0,1,21465781.426605,5,116,0,1,24087866.465461,80,172,0,12,23583776.553021,78,148,0,12,24193874.189225,63,156,0,12,24808800.213426,86,160,0,12,25071858.171226,34,168,0,1,19462594.295837,44,160,0,1,19520488.846381,35,128,0,1,21693466.257940,33,128,2,1,22509201.333177,60,136,0,12,26273222.119685,52,124,0,1,22329521.421198,42,100,0,1,23746136.310096,
19,1552384151,0.800000,8,152,0,1,23949932.973084,7,116,0,1,24417029.905234,28,184,0,1,20952978.910327,30,172,0,1,21748695.681792,43,164,0,1,19708737.265075,13,176,0,1,20296360.668850,15,164,0,1,21465706.434295,5,116,0,1,24088003.885925,80,176,0,12,23583757.462483,78,144,0,12,24193940.011446,63,156,0,12,24808744.049900,86,160,0,12,25071943.956496,34,168,0,1,19462614.721317,44,160,0,1,19520428.686755,35,124,0,1,21693338.810275,33,128,2,1,22509367.563951,60,136,0,12,26273114.713595,52,124,0,1,22329477.856730,42,100,0,1,23746293.623809,
20,1552384152,0.000000,8,152,0,1,23949995.750243,7,116,0,1,24417159.001945,28,184,0,1,20952964.714575,30,172,0,1,21748791.614364,43,164,0,1,19708807.973357,13,176,0,1,20296357.047930,15,164,0,1,21465631.433259,5,116,0,1,24088137.807621,80,172,0,12,23583738.572622,78,148,0,12,24194005.859843,63,156,0,12,24808687.563545,86,160,0,12,25072029.488738,34,168,0,1,19462635.155522,44,156,0,1,19520368.631831,35,104,0,1,21693211.921017,33,128,2,1,22509533.026916,60,136,0,12,26273007.141728,52,124,0,1,22329434.117759,42,100,0,1,23746450.571067,93,140,3,1,39384871.867492,
20,1552384152,0.200000,8,152,0,1,23950058.483775,7,116,0,1,24417288.630887,28,184,0,1,20952950.466472,30,176,0,1,21748887.503311,43,164,0,1,19708878.856142,13,176,0,1,20296353.400835,15,164,0,1,21465556.371147,5,116,0,1,24088274.146173,80,172,0,12,23583719.098179,78,148,0,12,24194071.620988,63,156,0,12,24808631.312769,86,160,0,12,25072114.994805,34,164,0,1,19462655.589727,44,160,0,1,19520308.437305,35,104,0,1,21693084.551877,33,132,2,1,22509699.371116,60,140,0,12,26272899.709462,52,124,0,1,22329390.047234,42,100,0,1,23746607.858604,93,136,2,1,39384872.216496,
20,1552384152,0.400000,8,152,0,1,23950121.252209,7,116,0,1,24417419.437720,28,184,0,1,20952936.192194,30,176,0,1,21748983.383532,43,164,0,1,19708949.581874,13,176,0,1,20296349.832265,15,164,0,1,21465481.405012,5,132,0,1,24088416.409073,80,172,0,12,23583700.042542,78,144,0,12,24194137.399584,63,152,0,12,24808575.149243,86,164,0,12,25072200.727725,34,168,0,1,19462676.006481,44,160,0,1,19520248.303855,35,108,0,1,21692957.357240,33,132,2,1,22509863.324637,60,140,0,12,26272792.128870,52,124,0,1,22329345.854558,42,100,0,1,23746765.294469,93,140,2,1,39384872.818529,
20,1552384152,0.600000,8,144,0,1,23950183.907215,7,116,0,1,24417548.159251,28,184,0,1,20952921.813215,30,176,0,1,21749079.237578,43,164,0,1,19709020.359958,13,180,0,1,20296346.324771,15,164,0,1,21465406.499952,5,128,3,1,24088554.222167,80,172,0,12,23583680.716425,78,144,0,12,24194203.300331,63,152,0,12,24808518.444760,86,164,0,12,25072286.390844,34,172,0,1,19462696.440686,44,160,0,1,19520188.056978,35,140,0,1,21692831.794199,33,132,2,1,22510028.229195,60,148,0,12,26272684.574453,52,124,0,1,22329306.260014,42,100,0,1,23746922.896110,93,140,2,1,39384873.080282,
20,1552384152,0.800000,8,144,0,1,23950246.527322,7,120,0,1,24417673.556515,28,184,0,1,20952907.469136,30,176,0,1,21749175.039274,43,164,0,1,19709091.181666,13,180,0,1,20296342.686401,15,164,0,1,21465331.429115,5,128,2,1,24088690.264065,80,172,0,12,23583661.285608,78,148,0,12,24194269.131278,63,152,0,12,24808461.871154,86,164,0,12,25072372.097588,34,172,0,1,19462716.944692,44,160,0,1,19520127.914803,35,140,0,1,21692704.268007,33,132,2,1,22510192.427018,60,148,0,12,26272576.976410,52,124,0,1,22329263.821084,42,100,0,1,23747080.105122,93,136,2,1,39384873.516537,
20,1552384153,0.000000,8,144,0,1,23950309.287030,7,120,0,1,24417802.469999,28,184,0,1,20952893.203583,30,176,0,1,21749270.867144,43,164,0,1,19709161.750347,13,180,0,1,20296339.126557,15,164,0,1,21465256.349554,5,128,2,1,24088829.351025,80,172,0,12,23583642.081643,78,144,0,12,24194334.787722,63,152,0,12,24808405.533126,86,164,0,12,25072457.446603,34,172,0,1,19462737.335272,44,156,0,1,19520067.763902,35,140,0,1,21692577.108271,33,132,2,1,22510357.977234,60,148,0,12,26272469.561595,52,124,0,1,22329223.162077,42,100,0,1,23747237.575887,93,136,2,1,39384873.839366,
20,1552384153,0.200000,8,144,0,1,23950372.003112,7,120,0,1,24417928.975352,28,184,0,1,20952878.833328,30,176,0,1,21749366.616489,43,164,0,1,19709232.476079,13,180,0,1,20296335.549262,15,168,0,1,21465181.235091,5,128,2,1,24088968.333285,80,172,0,12,23583622.598475,78,148,0,12,24194400.705920,63,152,0,12,24808349.107847,86,164,0,12,25072542.568766,34,172,0,1,19462757.769476,44,156,0,1,19520007.578101,35,140,0,1,21692451.492878,33,132,2,1,22510522.323385,60,144,0,12,26272361.902477,52,124,0,1,22329180.539920,42,96,0,1,23747395.029202,93,140,2,1,39384874.118570,
20,1552384153,0.400000,8,144,0,1,23950434.605769,7,120,0,1,24418057.557282,28,184,0,1,20952864.419449,30,176,0,1,21749462.531611,43,164,0,1,19709302.983684,13,180,0,1,20296331.937067,15,168,0,1,21465106.111904,5,128,2,1,24089105.256418,80,172,0,12,23583603.359610,78,144,0,12,24194466.650292,63,152,0,12,24808292.446990,86,164,0,12,25072628.013757,34,172,0,1,19462778.186231,44,156,0,1,19519947.392300,35,140,0,1,21692322.204215,33,128,2,1,22510688.144079,60,144,0,12,26272254.365510,52,124,0,1,22329140.343343,42,96,0,1,23747552.177137,93,140,2,1,39384874.519925,
20,1552384153,0.600000,8,144,0,1,23950497.321851,7,120,0,1,24418185.380127,28,184,0,1,20952850.084095,30,176,0,1,21749558.315856,43,164,0,1,19709373.831568,13,180,0,1,20296328.316147,15,168,0,1,21465030.866565,5,128,2,1,24089245.023937,80,172,0,12,23583583.937518,78,144,0,12,24194532.210761,63,152,0,12,24808236.170038,86,164,0,12,25072713.380222,34,172,0,1,19462798.620436,44,156,0,1,19519887.180324,35,144,0,1,21692192.392045,33,128,2,1,22510853.179513,60,144,0,12,26272146.784918,52,124,0,1,22329097.398357,42,96,0,1,23747709.499575,93,140,2,1,39384874.947455,
20,1552384153,0.800000,8,144,0,1,23950560.099009,7,120,0,1,24418313.892255,28,184,0,1,20952835.713840,30,176,0,1,21749654.056476,43,164,0,1,19709444.531125,13,180,0,1,20296324.677776,15,168,0,1,21464955.900430,5,124,2,1,24089385.184086,80,172,0,12,23583564.550326,78,144,0,12,24194597.945731,63,152,0,12,24808179.613882,86,164,0,12,25072798.973540,34,172,0,1,19462819.106992,44,156,0,1,19519826.933447,35,144,0,1,21692065.075257,33,128,2,1,22511018.214947,60,140,0,12,26272039.073449,52,124,0,1,22329059.208556,42,96,0,1,23747866.377033,93,140,2,1,39384875.453511,
20,1552384154,0.000000,8,144,0,1,23950622.762741,7,120,0,1,24418442.997691,28,184,0,1,20952821.352311,30,176,0,1,21749749.997773,43,164,0,1,19709515.152156,13,180,0,1,20296321.004506,15,168,0,1,21464880.742342,5,124,2,1,24089524.733477,80,172,0,12,23583545.512138,78,144,0,12,24194663.741777,63,148,0,12,24808123.083902,86,164,0,12,25072884.671559,34,168,0,1,19462839.480121,44,156,0,1,19519766.738921,35,144,0,1,21691938.945083,33,128,2,1,22511183.608111,60,140,0,12,26271931.239828,52,124,0,1,22329016.926678,42,96,0,1,23748023.524969,93,140,2,1,39384875.915942,
20,1552384154,0.200000,8,144,0,1,23950685.409023,7,120,0,1,24418572.356155,28,184,0,1,20952806.947156,30,176,0,1,21749845.877994,43,164,0,1,19709585.851714,13,180,0,1,20296317.444661,15,168,0,1,21464805.645330,5,124,2,1,24089662.869401,80,172,0,12,23583526.220923,78,144,0,12,24194729.468022,63,148,0,12,24808066.440495,86,164,0,12,25072970.055475,34,168,0,1,19462859.992852,44,156,0,1,19519706.640371,35,144,0,1,21691810.432954,33,128,2,1,22511349.123426,60,140,0,12,26271823.493459,52,124,0,1,22328975.796515,42,96,0,1,23748180.716530,93,140,2,1,39384876.317297,
20,1552384154,0.400000,8,144,0,1,23950747.959329,7,120,0,1,24418699.742745,28,184,0,1,20952792.507101,30,176,0,1,21749941.531363,43,164,0,1,19709656.568721,13,180,0,1,20296313.832466,15,168,0,1,21464730.609394,5,124,2,1,24089801.354329,80,172,0,12,23583506.851181,78,144,0,12,24194795.272793,63,148,0,12,24808010.172268,86,164,0,12,25073055.465565,34,168,0,1,19462880.619009,44,156,0,1,19519646.463295,35,144,0,1,21691683.648397,33,128,2,1,22511513.757506,60,140,0,12,26271715.912866,52,124,0,1,22328931.900492,42,96,0,1,23748337.777215,93,140,2,1,39384876.701202,
20,1552384154,0.600000,8,144,0,1,23950810.640511,7,124,0,1,24418825.916544,28,184,0,1,20952778.250273,30,176,0,1,21750037.359233,43,164,0,1,19709727.215928,13,180,0,1,20296310.194096,15,168,0,1,21464655.599633,5,124,2,1,24089941.819856,80,172,0,12,23583487.551240,78,144,0,12,24194860.824536,63,148,0,12,24807953.485236,86,164,0,12,25073141.006533,34,168,0,1,19462901.105565,44,156,0,1,19519586.068091,35,144,0,1,21691556.218182,33,128,2,1,22511678.854016,60,140,0,12,26271608.114146,52,124,0,1,22328887.655465,42,96,0,1,23748494.907701,93,140,2,1,39384877.015306,
20,1552384154,0.800000,8,144,0,1,23950873.321693,7,124,0,1,24418953.791740,28,184,0,1,20952763.792768,30,176,0,1,21750133.126028,43,164,0,1,19709797.924210,13,180,0,1,20296306.608076,15,168,0,1,21464580.546246,5,128,2,1,24090081.543750,80,172,0,12,23583468.181498,78,144,0,12,24194926.533331,63,148,0,12,24807896.824379,86,164,0,12,25073226.538775,34,168,0,1,19462921.565945,44,156,0,1,19519525.821215,35,144,0,1,21691427.156372,33,128,2,1,22511844.255904,60,140,0,12,26271500.838933,52,124,0,1,22328843.794343,42,96,0,1,23748652.142888,93,140,2,1,39384877.390486,
20,1552384155,0.000000,8,144,0,1,23950935.906899,7,124,0,1,24419081.981039,28,184,0,1,20952749.448689,30,176,0,1,21750229.084776,43,168,0,1,19709868.737193,13,180,0,1,20296303.214009,15,168,0,1,21464505.475409,5,128,2,1,24090219.470271,80,172,0,12,23583448.750681,78,144,0,12,24194992.346827,63,148,0,12,24807840.076271,86,164,0,12,25073312.114643,34,168,0,1,19462942.139752,44,156,0,1,19519465.635414,35,144,0,1,21691298.190538,33,128,2,1,22512009.369865,60,140,0,12,26271393.249615,52,124,0,1,22328801.931271,42,96,0,1,23748809.700904,93,140,2,1,39384877.818016,
20,1552384155,0.200000,8,144,0,1,23950998.657882,7,124,0,1,24419208.887748,28,184,0,1,20952735.200586,30,176,0,1,21750325.069698,43,168,0,1,19709939.541452,13,180,0,1,20296299.584363,15,168,0,1,21464430.430748,5,124,2,1,24090357.361892,80,172,0,12,23583429.791019,78,144,0,12,24195058.116698,63,148,0,12,24807783.616091,86,164,0,12,25073397.969714,34,168,0,1,19462962.757184,44,156,0,1,19519405.362362,35,144,0,1,21691170.795223,33,128,2,1,22512174.571076,60,140,0,12,26271285.634122,52,124,0,1,22328760.635330,42,96,0,1,23748966.918640,93,140,2,1,39384878.280447,
20,1552384155,0.400000,8,144,0,1,23951061.260538,7,124,0,1,24419336.431389,28,184,0,1,20952720.786706,30,176,0,1,21750420.984820,43,168,0,1,19710010.371886,13,180,0,1,20296296.076870,15,168,0,1,21464355.420987,5,124,2,1,24090497.452240,80,172,0,12,23583410.874983,78,144,0,12,24195123.965094,63,148,0,12,24807726.885433,86,164,0,12,25073483.624108,34,168,0,1,19462983.235015,44,156,0,1,19519345.237636,35,144,0,1,21691042.195843,33,128,2,1,22512339.833363,60,140,0,12,26271178.027355,52,124,0,1,22328718.519230,42,96,0,1,23749123.926974,93,140,2,1,39384878.542200,
20,1552384155,0.600000,8,144,0,1,23951123.889369,7,124,0,1,24419464.934793,28,184,0,1,20952706.652030,30,176,0,1,21750516.812691,43,168,0,1,19710081.053993,13,180,0,1,20296292.578101,15,168,0,1,21464280.350150,5,124,2,1,24090637.891592,80,172,0,12,23583391.566318,78,144,0,12,24195189.717515,63,148,0,12,24807670.154775,86,164,0,12,25073569.147625,34,168,0,1,19463003.721570,44,156,0,1,19519285.112911,35,144,0,1,21690914.032719,33,128,2,1,22512504.938598,60,140,0,12,26271070.507838,52,124,0,1,22328677.938749,42,96,0,1,23749281.249412,93,140,2,1,39384879.004631,
20,1552384155,0.800000,8,144,0,1,23951186.745054,7,124,0,1,24419592.984491,28,184,0,1,20952692.177074,30,176,0,1,21750612.675462,43,168,0,1,19710151.797175,13,180,0,1,20296289.044432,15,168,0,1,21464205.226963,5,124,2,1,24090777.667836,80,172,0,12,23583372.327452,78,144,0,12,24195255.635712,63,148,0,12,24807613.520094,86,164,0,12,25073654.889270,34,168,0,1,19463024.339003,44,156,0,1,19519225.005636,35,144,0,1,21690786.986409,33,128,2,1,22512670.235786,60,140,0,12,26270962.935971,52,124,0,1,22328637.567670,42,96,0,1,23749438.676552,93,140,2,1,39384879.353635,
20,1552384156,0.000000,8,144,0,1,23951249.530937,7,124,0,1,24419722.168452,28,184,0,1,20952677.928972,30,176,0,1,21750708.581859,43,168,0,1,19710222.540358,13,180,0,1,20296285.406061,15,164,0,1,21464130.391704,5,124,2,1,24090914.198340,80,172,0,12,23583353.062412,78,144,0,12,24195321.161280,63,148,0,12,24807557.234416,86,164,0,12,25073740.526213,34,168,0,1,19463044.877909,44,156,0,1,19519164.872186,35,144,0,1,21690658.596432,33,128,2,1,22512835.271220,60,140,0,12,26270855.529881,52,128,0,1,22328596.210654,42,96,0,1,23749595.859388,93,140,2,1,39384879.781165,
20,1552384156,0.200000,8,144,0,1,23951312.412797,7,124,0,1,24419852.539029,28,184,0,1,20952663.864096,30,176,0,1,21750804.470805,43,168,0,1,19710293.205015,13,180,0,1,20296281.785141,15,164,0,1,21464055.390668,5,124,2,1,24091055.370601,80,172,0,12,23583333.683945,78,144,0,12,24195387.236529,63,148,0,12,24807500.913839,86,164,0,12,25073826.224233,34,168,0,1,19463065.538967,44,156,0,1,19519104.721285,35,144,0,1,21690529.979602,33,128,0,1,22513000.568408,60,140,0,12,26270747.949288,52,128,0,1,22328555.665073,42,96,0,1,23749753.042224,93,140,2,1,39384880.121445,
20,1552384156,0.400000,8,148,0,1,23951375.364457,7,124,0,1,24419982.551876,28,184,0,1,20952649.467666,30,176,0,1,21750900.429553,43,168,0,1,19710364.148875,13,180,0,1,20296278.251472,15,164,0,1,21463980.441983,5,124,2,1,24091195.670352,80,172,0,12,23583314.462530,78,144,0,12,24195453.058751,63,148,0,12,24807444.375133,86,164,0,12,25073911.861176,34,168,0,1,19463086.104048,44,156,0,1,19519044.718712,35,144,0,1,21690400.507712,33,128,0,1,22513165.708543,60,140,0,12,26270640.551923,52,128,0,1,22328515.040966,42,96,0,1,23749910.006933,93,140,2,1,39384880.548975,
20,1552384156,0.600000,8,148,0,1,23951438.289942,7,124,0,1,24420111.081455,28,184,0,1,20952635.402791,30,176,0,1,21750996.301049,43,168,0,1,19710434.909508,13,180,0,1,20296274.831229,15,164,0,1,21463905.362421,5,124,2,1,24091336.153330,80,172,0,12,23583295.555219,78,144,0,12,24195519.142725,63,148,0,12,24807388.002205,86,164,0,12,25073997.358518,34,168,0,1,19463106.730206,44,156,0,1,19518984.550361,35,144,0,1,21690272.056659,33,128,0,1,22513330.918480,60,140,0,12,26270533.032407,52,128,0,1,22328474.364508,42,96,0,1,23750067.503873,93,140,2,1,39384880.897979,
20,1552384156,0.800000,8,148,0,1,23951501.110726,7,124,0,1,24420238.171391,28,184,0,1,20952621.180864,30,176,0,1,21751092.242346,43,168,0,1,19710505.748667,13,180,0,1,20296271.227759,15,164,0,1,21463830.431186,5,124,2,1,24091475.196665,80,168,0,12,23583276.429781,78,144,0,12,24195585.156899,63,148,0,12,24807331.777603,86,164,0,12,25074082.960561,34,168,0,1,19463127.330188,44,156,0,1,19518924.600138,35,144,0,1,21690143.073374,33,128,0,1,22513496.058615,60,140,0,12,26270425.591416,52,128,0,1,22328433.251795,42,96,0,1,23750225.070614,93,140,2,1,39384881.220808,
20,1552384157,0.000000,8,148,0,1,23951563.931510,7,124,0,1,24420366.351965,28,184,0,1,20952607.028737,30,176,0,1,21751188.131293,43,168,0,1,19710576.709977,13,180,0,1,20296267.851142,15,164,0,1,21463755.517402,5,128,2,1,24091614.885658,80,168,0,12,23583257.286892,78,144,0,12,24195650.752267,63,148,0,12,24807275.404675,86,164,0,12,25074168.527704,34,168,0,1,19463148.043596,44,156,0,1,19518864.527763,35,144,0,1,21690016.245192,33,128,0,1,22513661.268552,60,140,0,12,26270318.150425,52,128,0,1,22328392.313585,42,92,0,1,23750382.183650,93,140,2,1,39384881.744315,
20,1552384157,0.200000,8,148,0,1,23951626.769744,7,124,0,1,24420494.977520,28,184,0,1,20952592.710833,30,176,0,1,21751284.159841,43,168,0,1,19710647.470610,13,180,0,1,20296264.326198,15,164,0,1,21463680.682143,5,128,2,1,24091754.077319,80,168,0,12,23583238.222529,78,144,0,12,24195716.373811,63,148,0,12,24807219.040472,86,164,0,12,25074253.981420,34,168,0,1,19463168.722104,44,156,0,1,19518804.560090,35,144,0,1,21689888.867327,33,128,0,1,22513826.583189,60,140,0,12,26270210.665809,52,128,0,1,22328351.549876,42,92,0,1,23750540.003419,93,140,2,1,39384882.232921,
20,1552384157,0.400000,8,148,0,1,23951689.703954,7,124,0,1,24420622.259409,28,184,0,1,20952578.471456,30,180,0,1,21751380.170939,43,168,0,1,19710718.362120,13,180,0,1,20296260.775079,15,164,0,1,21463605.759633,5,124,2,1,24091893.522009,80,168,0,12,23583219.114541,78,144,0,12,24195782.204758,63,148,0,12,24807162.623918,86,164,0,12,25074339.653264,34,168,0,1,19463189.479138,44,156,0,1,19518744.260863,35,144,0,1,21689760.887431,33,128,0,1,22513991.819301,60,140,0,12,26270103.032866,52,128,0,1,22328310.742542,42,92,0,1,23750697.378208,93,140,2,1,39384882.712802,
20,1552384157,0.600000,8,148,0,1,23951752.550914,7,124,0,1,24420752.699786,28,184,0,1,20952564.293154,30,180,0,1,21751476.147136,43,168,0,1,19710789.192554,13,180,0,1,20296257.424637,15,164,0,1,21463530.784772,5,124,2,1,24092032.495543,80,168,0,12,23583199.788425,78,144,0,12,24195848.262557,63,148,0,12,24807106.189913,86,164,0,12,25074425.089530,34,168,0,1,19463210.114021,44,156,0,1,19518684.197213,35,144,0,1,21689634.085423,33,128,0,1,22514156.941987,60,140,0,12,26269995.548250,52,128,0,1,22328269.865407,42,92,0,1,23750854.168414,93,140,2,1,39384883.201408,
20,1552384157,0.800000,8,148,0,1,23951815.354247,7,124,0,1,24420882.599207,28,184,0,1,20952550.088676,30,180,0,1,21751572.088433,43,168,0,1,19710859.918286,13,180,0,1,20296253.917143,15,164,0,1,21463455.862263,5,124,2,1,24092169.671705,80,168,0,12,23583180.584460,78,144,0,12,24195913.971352,63,148,0,12,24807049.668658,86,164,0,12,25074510.691573,34,168,0,1,19463230.696553,44,156,0,1,19518624.151014,35,144,0,1,21689505.765247,33,128,0,1,22514321.986146,60,140,0,12,26269888.438813,52,128,0,1,22328228.508391,42,92,0,1,23751011.717705,93,140,2,1,39384883.690014,
20,1552384158,0.000000,8,148,0,1,23951878.192481,7,124,0,1,24421012.734206,28,184,0,1,20952535.735872,30,180,0,1,21751667.872679,43,168,0,1,19710930.705094,13,180,0,1,20296250.444550,15,164,0,1,21463380.878677,5,124,2,1,24092308.924443,80,168,0,12,23583161.712049,78,144,0,12,24195979.976800,63,148,0,12,24806993.365531,86,164,0,12,25074596.005688,34,168,0,1,19463251.322710,44,156,0,1,19518564.052464,35,144,0,1,21689377.942402,33,128,0,1,22514487.257158,60,140,0,12,26269780.910572,52,128,0,1,22328187.648706,42,92,0,1,23751168.717314,93,140,2,1,39384884.204796,
20,1552384158,0.200000,8,148,0,1,23951941.056891,7,124,0,1,24421142.040319,28,184,0,1,20952521.609921,30,180,0,1,21751763.779075,43,168,0,1,19711001.579154,13,180,0,1,20296246.998132,15,164,0,1,21463305.895091,5,124,2,1,24092448.779213,80,168,0,12,23583142.656412,78,144,0,12,24196045.563444,63,148,0,12,24806936.818100,86,164,0,12,25074681.694982,34,168,0,1,19463271.852891,44,156,0,1,19518504.014990,35,144,0,1,21689251.428324,33,128,0,1,22514652.528170,60,140,0,12,26269673.251453,52,128,0,1,22328146.823921,42,92,0,1,23751325.882700,93,140,2,1,39384884.579975,
20,1552384158,0.400000,8,148,0,1,23952004.008551,7,124,0,1,24421271.922290,28,184,0,1,20952507.518870,30,180,0,1,21751859.790173,43,168,0,1,19711072.427038,13,180,0,1,20296243.455738,15,164,0,1,21463231.051107,5,124,2,1,24092587.028563,80,168,0,12,23583123.304120,78,144,0,12,24196111.272239,63,148,0,12,24806880.715650,86,164,0,12,25074767.340651,34,168,0,1,19463292.400522,44,156,0,1,19518444.082217,35,144,0,1,21689124.556516,33,128,0,1,22514817.729382,60,140,0,12,26269565.653411,52,128,0,1,22328104.917224,42,88,0,1,23751483.065536,93,140,2,1,39384885.086032,
20,1552384158,0.600000,8,148,0,1,23952066.916586,7,124,0,1,24421399.308879,28,184,0,1,20952493.488895,30,180,0,1,21751955.661670,43,168,0,1,19711143.283647,13,180,0,1,20296239.930794,15,164,0,1,21463156.154773,5,124,2,1,24092727.031660,80,168,0,12,23583103.995454,78,144,0,12,24196177.077010,63,148,0,12,24806824.316546,86,164,0,12,25074852.462813,34,168,0,1,19463313.079031,44,156,0,1,19518384.044743,35,144,0,1,21688997.265902,33,128,0,1,22514982.921868,60,140,0,12,26269458.072818,52,128,0,1,22328064.022638,42,92,0,1,23751640.457775,93,140,2,1,39384885.443761,
20,1552384158,0.800000,8,148,0,1,23952129.929322,7,124,0,1,24421527.192800,28,184,0,1,20952479.310593,30,180,0,1,21752051.524441,43,168,0,1,19711214.297308,13,180,0,1,20296236.466926,15,164,0,1,21463081.083936,5,124,2,1,24092866.825354,80,168,0,12,23583084.695513,78,144,0,12,24196242.925406,63,148,0,12,24806767.821466,86,164,0,12,25074938.178282,34,168,0,1,19463333.705188,44,156,0,1,19518323.928743,35,144,0,1,21688869.556484,33,128,0,1,22515148.236506,60,140,0,12,26269350.649278,52,128,0,1,22328022.726698,42,88,0,1,23751797.535910,93,140,2,1,39384885.888742,
20,1552384159,0.000000,8,148,0,1,23952192.837357,7,120,0,1,24421654.195485,28,184,0,1,20952465.088666,30,180,0,1,21752147.430837,43,168,0,1,19711285.162642,13,180,0,1,20296233.020508,15,164,0,1,21463006.213777,5,124,2,1,24093006.706299,80,168,0,12,23583065.561350,78,144,0,12,24196308.642926,63,148,0,12,24806711.483438,86,164,0,12,25075023.649449,34,168,0,1,19463354.497122,44,156,0,1,19518264.004695,35,144,0,1,21688742.702126,33,128,0,1,22515313.411542,60,140,0,12,26269243.016335,52,128,0,1,22327981.387132,42,88,0,1,23751954.456993,93,140,2,1,39384886.263921,
20,1552384159,0.200000,8,148,0,1,23952256.033321,7,120,0,1,24421780.953867,28,184,0,1,20952451.067416,30,180,0,1,21752243.276158,43,168,0,1,19711356.001801,13,180,0,1,20296229.478114,15,164,0,1,21462931.256367,5,124,2,1,24093145.950312,80,168,0,12,23583046.287584,78,144,0,12,24196374.604749,63,148,0,12,24806655.180311,86,164,0,12,25075109.094440,34,168,0,1,19463375.105829,44,156,0,1,19518204.228974,35,144,0,1,21688615.359162,33,128,0,1,22515478.743630,60,140,0,12,26269135.618970,52,128,0,1,22327940.030116,42,88,0,1,23752111.386801,93,140,2,1,39384886.560575,
20,1552384159,0.400000,8,148,0,1,23952319.107133,7,124,0,1,24421908.576034,28,184,0,1,20952436.897839,30,180,0,1,21752339.322157,43,168,0,1,19711426.849685,13,180,0,1,20296226.084046,15,164,0,1,21462856.429833,5,124,2,1,24093285.115798,80,168,0,12,23583027.240672,78,144,0,12,24196440.697449,63,148,0,12,24806598.667781,86,164,0,12,25075194.914611,34,168,0,1,19463395.766887,44,156,0,1,19518144.348552,35,144,0,1,21688488.391378,33,128,0,1,22515643.971016,60,140,0,12,26269028.090728,52,128,0,1,22327899.126806,42,88,0,1,23752268.447486,93,140,2,1,39384887.031731,
20,1552384159,0.600000,8,148,0,1,23952382.233296,7,124,0,1,24422034.427004,28,184,0,1,20952422.684637,30,180,0,1,21752435.359430,43,168,0,1,19711497.715019,13,180,0,1,20296222.681254,15,164,0,1,21462781.420072,5,128,2,1,24093424.455787,80,168,0,12,23583008.176309,78,144,0,12,24196506.685448,63,148,0,12,24806542.382103,86,164,0,12,25075280.490479,34,168,0,1,19463416.567547,44,156,0,1,19518084.407054,35,144,0,1,21688360.847736,33,128,0,1,22515809.250754,60,140,0,12,26268920.728264,52,128,0,1,22327858.048993,42,88,0,1,23752425.525621,93,140,2,1,39384887.590138,
20,1552384159,0.800000,8,148,0,1,23952445.376908,7,124,0,1,24422163.323038,28,184,0,1,20952408.628486,30,180,0,1,21752531.196026,43,168,0,1,19711568.545453,13,180,0,1,20296219.278461,15,164,0,1,21462706.785491,5,128,2,1,24093563.359520,80,168,0,12,23582989.268998,78,144,0,12,24196572.481494,63,148,0,12,24806486.305829,86,164,0,12,25075366.205948,34,168,0,1,19463437.376931,44,156,0,1,19518024.483006,35,144,0,1,21688233.138318,33,128,0,1,22515974.556666,60,140,0,12,26268813.173847,52,128,0,1,22327816.857754,42,88,0,1,23752582.996386,93,140,2,1,39384888.104919,
20,1552384160,0.000000,8,148,0,1,23952508.424545,7,124,0,1,24422291.573413,28,184,0,1,20952394.345483,30,180,0,1,21752627.041347,43,168,0,1,19711639.489313,13,180,0,1,20296215.666266,15,164,0,1,21462631.871706,5,128,2,1,24093701.669946,80,168,0,12,23582970.222085,78,144,0,12,24196638.172838,63,148,0,12,24806430.098677,86,164,0,12,25075452.113370,34,168,0,1,19463458.247392,44,156,0,1,19517964.611309,35,144,0,1,21688105.655752,33,128,0,1,22516139.853854,60,140,0,12,26268706.020784,52,128,0,1,22327775.622890,42,88,0,1,23752740.240298,93,140,0,1,39384888.549900,
20,1552384160,0.200000,8,148,0,1,23952571.611784,7,124,0,1,24422417.581435,28,184,0,1,20952380.236982,30,180,0,1,21752722.956469,43,168,0,1,19711710.424449,13,180,0,1,20296212.298374,15,164,0,1,21462557.018997,5,128,2,1,24093838.802482,80,168,0,12,23582951.026846,78,144,0,12,24196704.195737,63,148,0,12,24806373.725749,86,164,0,12,25075537.689238,34,164,0,1,19463479.144028,44,156,0,1,19517904.565110,35,144,0,1,21687978.216812,33,128,0,1,22516305.124866,60,140,0,12,26268598.518718,52,128,0,1,22327734.545077,42,88,0,1,23752897.632537,93,140,0,1,39384889.064681,
20,1552384160,0.400000,8,152,0,1,23952634.799022,7,124,0,1,24422546.870098,28,184,0,1,20952366.032505,30,180,0,1,21752819.124619,43,168,0,1,19711781.411934,13,180,0,1,20296208.965383,15,164,0,1,21462482.017961,5,128,2,1,24093979.992194,80,168,0,12,23582931.927582,78,144,0,12,24196770.157560,63,148,0,12,24806317.422621,86,164,0,12,25075623.422158,34,164,0,1,19463499.874886,44,156,0,1,19517844.510186,35,144,0,1,21687850.838947,33,128,0,1,22516470.360978,60,140,0,12,26268491.147528,52,128,0,1,22327693.336388,42,88,0,1,23753055.103302,93,140,0,1,39384889.509662,
20,1552384160,0.600000,8,152,0,1,23952697.925185,7,124,0,1,24422675.111749,28,184,0,1,20952351.889103,30,180,0,1,21752915.065916,43,168,0,1,19711852.364520,13,180,0,1,20296205.684742,15,164,0,1,21462407.322304,5,128,2,1,24094114.899827,80,168,0,12,23582912.679992,78,144,0,12,24196836.075758,63,148,0,12,24806260.953717,86,164,0,12,25075709.233603,34,164,0,1,19463520.762797,44,156,0,1,19517784.751915,35,144,0,1,21687723.321481,33,128,0,1,22516635.658165,60,140,0,12,26268383.846139,52,128,0,1,22327652.206225,42,84,0,1,23753212.146536,93,140,0,1,39384889.989543,
20,1552384160,0.800000,8,152,0,1,23952761.225850,7,124,0,1,24422803.746029,28,184,0,1,20952337.928929,30,180,0,1,21753011.120639,43,168,0,1,19711923.299655,13,180,0,1,20296202.308124,15,164,0,1,21462332.539396,5,128,2,1,24094255.478781,80,168,0,12,23582893.449852,78,144,0,12,24196902.037581,63,148,0,12,24806204.764016,86,164,0,12,25075795.114850,34,164,0,1,19463541.493656,44,156,0,1,19517724.801692,35,144,0,1,21687595.873816,33,128,0,1,22516800.946628,60,140,0,12,26268276.518575,52,128,0,1,22327611.233113,42,84,0,1,23753369.756903,93,140,0,1,39384890.609026,
20,1552384161,0.000000,8,152,0,1,23952824.430538,7,124,0,1,24422934.142781,28,184,0,1,20952323.846603,30,180,0,1,21753107.175363,43,168,0,1,19711994.173714,13,180,0,1,20296198.914057,15,164,0,1,21462257.686687,5,128,2,1,24094396.799370,80,168,0,12,23582874.123736,78,144,0,12,24196967.938328,63,148,0,12,24806148.417263,86,164,0,12,25075880.873945,34,164,0,1,19463562.311765,44,156,0,1,19517664.886369,35,144,0,1,21687468.417426,33,128,0,1,22516966.191465,60,140,0,12,26268169.252087,52,128,0,1,22327570.164026,42,84,0,1,23753527.122966,93,140,0,1,39384891.158707,
20,1552384161,0.200000,8,152,0,1,23952887.609052,7,124,0,1,24423059.592396,28,184,0,1,20952309.764278,30,180,0,1,21753203.073035,43,168,0,1,19712065.178650,13,180,0,1,20296195.519990,15,164,0,1,21462182.842703,5,128,2,1,24094535.511150,80,168,0,12,23582855.137899,78,144,0,12,24197033.778000,63,148,0,12,24806092.297362,86,164,0,12,25075966.624315,34,164,0,1,19463583.156050,44,156,0,1,19517605.023397,35,144,0,1,21687340.934860,33,128,0,1,22517131.541003,60,140,0,12,26268061.549343,52,128,0,1,22327529.016413,42,84,0,1,23753684.009149,93,140,0,1,39384891.603688,
20,1552384161,0.400000,8,152,0,1,23952950.892266,7,124,0,1,24423189.561618,28,184,0,1,20952295.612151,30,180,0,1,21753299.276085,43,168,0,1,19712136.235937,13,180,0,1,20296192.204448,15,164,0,1,21462107.998719,5,128,2,1,24094674.781338,80,168,0,12,23582835.811783,78,144,0,12,24197099.800898,63,148,0,12,24806036.029135,86,164,0,12,25076052.261259,34,164,0,1,19463604.000336,44,156,0,1,19517545.116800,35,144,0,1,21687213.408669,33,128,0,1,22517296.733489,60,140,0,12,26267954.029826,52,128,0,1,22327488.069477,42,80,0,1,23753841.270511,93,140,0,1,39384892.092294,
20,1552384161,0.600000,8,152,0,1,23953014.166756,7,124,0,1,24423320.036896,28,184,0,1,20952281.529825,30,180,0,1,21753395.339534,43,168,0,1,19712207.179797,13,180,0,1,20296188.888907,15,164,0,1,21462033.154735,5,128,2,1,24094810.151402,80,168,0,12,23582816.887022,78,144,0,12,24197165.980849,63,148,0,12,24805979.830709,86,160,0,12,25076137.976728,34,164,0,1,19463624.800995,44,156,0,1,19517485.245103,35,144,0,1,21687086.091880,33,128,0,1,22517462.117928,60,140,0,12,26267846.588836,52,128,0,1,22327446.878238,42,80,0,1,23753998.130519,93,140,0,1,39384892.415123,
20,1552384161,0.800000,8,152,0,1,23953077.476146,7,120,0,1,24423446.673126,28,184,0,1,20952267.517301,30,180,0,1,21753491.219755,43,168,0,1,19712278.210908,13,180,0,1,20296185.451214,15,160,0,1,21461958.371827,5,128,2,1,24094949.116211,80,168,0,12,23582797.840109,78,144,0,12,24197231.768170,63,148,0,12,24805923.353079,86,160,0,12,25076223.761999,34,164,0,1,19463645.627830,44,156,0,1,19517425.355956,35,144,0,1,21686958.644215,33,128,0,1,22517627.354040,60,140,0,12,26267739.112945,52,128,0,1,22327405.678274,42,80,0,1,23754155.095227,93,136,0,1,39384892.956080,
20,1552384162,0.000000,8,152,0,1,23953140.794261,7,120,0,1,24423573.422783,28,184,0,1,20952253.496051,30,180,0,1,21753587.239578,43,168,0,1,19712349.154769,13,180,0,1,20296182.118223,15,160,0,1,21461883.693620,5,128,2,1,24095089.407237,80,168,0,12,23582778.575069,78,144,0,12,24197297.634017,63,148,0,12,24805867.180828,86,160,0,12,25076309.285516,34,164,0,1,19463666.384864,44,156,0,1,19517365.475533,35,144,0,1,21686831.144199,33,128,0,1,22517792.642502,60,140,0,12,26267631.898807,52,128,0,1,22327364.661537,42,80,0,1,23754311.911609,93,136,0,1,39384893.322534,
20,1552384162,0.200000,8,152,0,1,23953203.920423,7,120,0,1,24423701.795309,28,184,0,1,20952239.422450,30,180,0,1,21753683.102349,43,168,0,1,19712420.255681,13,180,0,1,20296178.645629,15,160,0,1,21461808.753660,5,128,2,1,24095228.206269,80,168,0,12,23582759.571782,78,144,0,12,24197363.744167,63,148,0,12,24805810.903876,86,160,0,12,25076395.079511,34,164,0,1,19463687.054647,44,156,0,1,19517305.551486,35,144,0,1,21686703.548207,33,128,0,1,22517957.939690,60,140,0,12,26267524.658494,52,128,0,1,22327323.732051,42,76,0,1,23754469.251497,93,136,0,1,39384893.933292,
20,1552384162,0.400000,8,152,0,1,23953267.142562,7,120,0,1,24423828.178511,28,184,0,1,20952225.366300,30,180,0,1,21753778.991296,43,168,0,1,19712491.321692,13,180,0,1,20296175.234112,15,160,0,1,21461733.866051,5,128,2,1,24095368.340242,80,168,0,12,23582740.533594,78,144,0,12,24197429.714715,63,148,0,12,24805754.330270,86,160,0,12,25076480.690280,34,164,0,1,19463707.907657,44,156,0,1,19517245.749590,35,144,0,1,21686575.987115,33,128,0,1,22518123.219427,60,140,0,12,26267417.208778,52,132,0,1,22327282.741490,42,76,0,1,23754626.050429,93,140,0,1,39384894.439348,
20,1552384162,0.600000,8,152,0,1,23953330.233825,7,120,0,1,24423956.716815,28,184,0,1,20952211.432301,30,180,0,1,21753875.107095,43,168,0,1,19712562.291728,13,180,0,1,20296171.857495,15,160,0,1,21461658.943541,5,128,2,1,24095505.551304,80,168,0,12,23582721.381980,78,144,0,12,24197495.659088,63,148,0,12,24805697.992242,86,160,0,12,25076566.344673,34,164,0,1,19463728.629791,44,156,0,1,19517185.860442,35,144,0,1,21686448.530725,33,128,0,1,22518288.490439,60,140,0,12,26267309.994640,52,132,0,1,22327241.585151,42,76,0,1,23754783.233265,93,140,0,1,39384894.971580,
20,1552384162,0.800000,8,152,0,1,23953393.543214,7,120,0,1,24424085.700100,28,184,0,1,20952197.472127,30,180,0,1,21753971.013492,43,168,0,1,19712633.305389,13,180,0,1,20296168.568128,15,160,0,1,21461584.169358,5,128,2,1,24095645.929581,80,168,0,12,23582702.361243,78,144,0,12,24197561.716887,63,148,0,12,24805641.540788,86,160,0,12,25076651.929266,34,164,0,1,19463749.378100,44,156,0,1,19517125.953845,35,144,0,1,21686321.065609,33,128,0,1,22518453.831252,60,140,0,12,26267202.510024,52,132,0,1,22327200.472438,42,76,0,1,23754940.337575,93,140,0,1,39384895.425286,
20,1552384163,0.000000,8,152,0,1,23953456.870055,7,120,0,1,24424211.045014,28,184,0,1,20952183.311275,30,180,0,1,21754066.946064,43,168,0,1,19712704.441202,13,180,0,1,20296165.261312,15,160,0,1,21461509.430075,5,128,2,1,24095790.748938,80,168,0,12,23582683.174728,78,144,0,12,24197627.722336,63,148,0,12,24805585.194035,86,160,0,12,25076737.583660,34,164,0,1,19463770.178759,44,156,0,1,19517066.090873,35,144,0,1,21686193.661570,33,132,0,1,22518619.102264,60,140,0,12,26267095.121384,52,132,0,1,22327159.377175,42,76,0,1,23755097.284834,93,140,0,1,39384895.887716,
20,1552384163,0.200000,8,152,0,1,23953520.100919,7,120,0,1,24424338.562480,28,184,0,1,20952169.290025,30,180,0,1,21754162.974612,43,168,0,1,19712775.358887,13,180,0,1,20296162.041747,15,160,0,1,21461434.612267,5,128,2,1,24095931.074864,80,168,0,12,23582664.389569,78,144,0,12,24197693.684159,63,148,0,12,24805528.664054,86,160,0,12,25076823.176978,34,164,0,1,19463791.040494,44,156,0,1,19517006.131925,35,144,0,1,21686066.266255,33,132,0,1,22518784.504153,60,140,0,12,26266987.977047,52,132,0,1,22327118.447690,42,76,0,1,23755254.406594,93,140,0,1,39384896.446123,
20,1552384163,0.400000,8,152,0,1,23953583.331783,7,120,0,1,24424468.208872,28,184,0,1,20952155.321126,30,180,0,1,21754258.959535,43,168,0,1,19712846.398723,13,180,0,1,20296158.726206,15,160,0,1,21461359.934060,5,128,2,1,24096069.420190,80,168,0,12,23582645.089628,78,144,0,12,24197759.715783,63,148,0,12,24805472.168974,86,160,0,12,25076908.630694,34,164,0,1,19463811.884779,44,156,0,1,19516946.356204,35,144,0,1,21685938.766239,33,128,0,1,22518949.565763,60,140,0,12,26266880.858886,52,132,0,1,22327077.413503,42,76,0,1,23755411.441103,93,140,0,1,39384896.891104,
20,1552384163,0.600000,8,152,0,1,23953646.597547,7,120,0,1,24424596.825702,28,184,0,1,20952141.142824,30,180,0,1,21754354.988083,43,168,0,1,19712917.473460,13,180,0,1,20296155.428115,15,160,0,1,21461285.255853,5,128,2,1,24096207.503763,80,168,0,12,23582626.191042,78,144,0,12,24197825.825932,63,148,0,12,24805415.857122,86,160,0,12,25076994.346164,34,164,0,1,19463832.676714,44,156,0,1,19516886.405981,35,144,0,1,21685811.248773,33,128,0,1,22519114.924026,60,140,0,12,26266773.417895,52,132,0,1,22327036.431666,42,72,0,1,23755568.842068,93,140,0,1,39384897.545487,
20,1552384163,0.800000,8,152,0,1,23953709.819686,7,120,0,1,24424725.180779,28,184,0,1,20952126.981972,30,180,0,1,21754450.938105,43,168,0,1,19712988.330069,13,180,0,1,20296152.173649,15,160,0,1,21461210.368244,5,128,2,1,24096348.196144,80,168,0,12,23582607.004528,78,144,0,12,24197891.866282,63,148,0,12,24805359.658696,86,160,0,12,25077079.948207,34,164,0,1,19463853.564625,44,156,0,1,19516826.638985,35,144,0,1,21685683.818558,33,132,0,1,22519280.168863,60,140,0,12,26266665.915829,52,132,0,1,22326995.484730,42,72,0,1,23755726.251757,93,140,0,1,39384897.885766,
20,1552384164,0.000000,8,148,0,1,23953773.059275,7,120,0,1,24424853.675457,28,184,0,1,20952112.934547,30,180,0,1,21754547.045179,43,168,0,1,19713059.239029,13,180,0,1,20296148.753406,15,160,0,1,21461135.698762,5,132,2,1,24096488.705297,80,168,0,12,23582587.861639,78,144,0,12,24197957.967706,63,148,0,12,24805303.355568,86,160,0,12,25077165.515350,34,164,0,1,19463874.426360,44,156,0,1,19516766.688762,35,144,0,1,21685556.370893,33,128,0,1,22519445.570752,60,140,0,12,26266558.579539,52,128,0,1,22326954.441818,42,72,0,1,23755883.486944,93,140,0,1,39384898.461624,
20,1552384164,0.200000,8,152,0,1,23953836.325039,7,120,0,1,24424982.658742,28,184,0,1,20952098.991823,30,180,0,1,21754643.038827,43,168,0,1,19713130.252690,13,180,0,1,20296145.402964,15,160,0,1,21461061.029280,5,128,2,1,24096627.172775,80,168,0,12,23582568.736200,78,144,0,12,24198023.702677,63,148,0,12,24805246.904114,86,160,0,12,25077251.161018,34,164,0,1,19463895.436422,44,156,0,1,19516706.851965,35,144,0,1,21685428.818526,33,128,0,1,22519610.963916,60,140,0,12,26266450.920421,52,132,0,1,22326913.268029,42,72,0,1,23756040.896633,93,140,0,1,39384898.871704,
20,1552384164,0.400000,8,152,0,1,23953899.669330,7,120,0,1,24425109.434574,28,184,0,1,20952085.066549,30,180,0,1,21754738.901598,43,168,0,1,19713201.248901,13,180,0,1,20296141.930371,15,160,0,1,21460986.228922,5,132,2,1,24096766.774517,80,168,0,12,23582549.506060,78,144,0,12,24198089.629599,63,148,0,12,24805190.618436,86,160,0,12,25077336.832862,34,164,0,1,19463916.176006,44,156,0,1,19516647.128595,35,144,0,1,21685301.292335,33,128,0,1,22519776.304729,60,140,0,12,26266343.680108,52,128,0,1,22326872.338544,42,72,0,1,23756197.791540,93,140,0,1,39384899.360310,
20,1552384164,0.600000,8,152,0,1,23953962.952544,7,120,0,1,24425238.496384,28,184,0,1,20952071.080199,30,180,0,1,21754834.903971,43,168,0,1,19713272.227661,13,180,0,1,20296138.597380,15,160,0,1,21460911.376213,5,132,2,1,24096905.433947,80,168,0,12,23582530.520224,78,148,0,12,24198155.573972,63,148,0,12,24805134.454911,86,160,0,12,25077422.609408,34,164,0,1,19463937.142442,44,156,0,1,19516587.152197,35,144,0,1,21685173.862120,33,128,0,1,22519941.558291,60,140,0,12,26266236.378719,52,132,0,1,22326831.330532,42,68,0,1,23756354.939476,93,140,0,1,39384899.709314,
20,1552384164,0.800000,8,152,0,1,23954026.122333,7,120,0,1,24425368.779710,28,184,0,1,20952056.779746,30,180,0,1,21754930.714392,43,168,0,1,19713343.258773,13,180,0,1,20296135.246938,15,160,0,1,21460836.488604,5,132,2,1,24097046.196128,80,168,0,12,23582511.621638,78,148,0,12,24198221.370018,63,148,0,12,24805078.169233,86,160,0,12,25077508.377228,34,164,0,1,19463957.960552,44,156,0,1,19516527.332850,35,144,0,1,21685046.458080,33,128,0,1,22520106.794402,60,140,0,12,26266129.024979,52,132,0,1,22326790.331245,42,68,0,1,23756512.043787,93,140,0,1,39384900.136844,
20,1552384165,0.000000,8,152,0,1,23954089.309571,7,120,0,1,24425495.415940,28,184,0,1,20952042.793397,30,180,0,1,21755026.594613,43,168,0,1,19713414.298609,13,180,0,1,20296131.879046,15,160,0,1,21460761.670795,5,132,2,1,24097185.021335,80,168,0,12,23582492.382773,78,148,0,12,24198287.296941,63,148,0,12,24805022.023158,86,160,0,12,25077594.022896,34,164,0,1,19463978.761212,44,156,0,1,19516467.469878,35,144,0,1,21684919.054040,33,128,0,1,22520272.126490,60,140,0,12,26266021.470562,52,132,0,1,22326749.427935,42,68,0,1,23756668.755467,93,140,0,1,39384900.520749,
20,1552384165,0.200000,8,152,0,1,23954152.714937,7,120,0,1,24425626.458350,28,184,0,1,20952028.798322,30,180,0,1,21755122.518460,43,168,0,1,19713485.259920,13,180,0,1,20296128.580955,15,160,0,1,21460686.852986,5,132,2,1,24097324.788854,80,168,0,12,23582473.388211,78,148,0,12,24198353.302389,63,148,0,12,24804965.449552,86,160,0,12,25077679.738366,34,164,0,1,19463999.745099,44,156,0,1,19516407.659257,35,144,0,1,21684791.527849,33,128,0,1,22520437.458578,60,140,0,12,26265913.942321,52,132,0,1,22326708.323947,42,64,0,1,23756825.894678,93,136,0,1,39384901.061706,
20,1552384165,0.400000,8,152,0,1,23954216.120303,7,120,0,1,24425756.113468,28,184,0,1,20952014.846873,30,180,0,1,21755218.529558,43,168,0,1,19713556.090353,13,180,0,1,20296125.230513,15,160,0,1,21460611.886851,5,132,2,1,24097465.708088,80,168,0,12,23582454.245322,78,144,0,12,24198419.491065,63,148,0,12,24804909.076623,86,160,0,12,25077765.462561,34,164,0,1,19464020.571933,44,156,0,1,19516347.892261,35,144,0,1,21684663.958032,33,128,0,1,22520602.799392,60,140,0,12,26265806.763083,52,132,0,1,22326667.298485,42,64,0,1,23756983.400343,93,136,0,1,39384901.410710,
20,1552384165,0.600000,8,148,0,1,23954279.403518,7,124,0,1,24425884.896075,28,184,0,1,20952000.686021,30,180,0,1,21755314.558106,43,168,0,1,19713627.016763,13,180,0,1,20296121.775370,15,160,0,1,21460537.165019,5,132,2,1,24097604.088314,80,168,0,12,23582435.242035,78,148,0,12,24198485.383087,63,148,0,12,24804852.904372,86,160,0,12,25077851.090779,34,164,0,1,19464041.363868,44,156,0,1,19516287.950763,35,144,0,1,21684536.597618,33,128,0,1,22520768.070404,60,140,0,12,26265699.374443,52,132,0,1,22326626.133422,42,64,0,1,23757140.844933,93,136,0,1,39384901.838241,
20,1552384165,0.800000,8,148,0,1,23954342.608207,7,120,0,1,24426011.872584,28,184,0,1,20951986.795648,30,180,0,1,21755410.621555,43,168,0,1,19713697.978074,13,180,0,1,20296118.381302,15,160,0,1,21460462.373385,5,132,2,1,24097743.908184,80,168,0,12,23582416.177672,78,148,0,12,24198551.257659,63,148,0,12,24804796.548894,86,160,0,12,25077936.849874,34,164,0,1,19464062.304129,44,160,0,1,19516228.183768,35,144,0,1,21684409.132503,33,132,0,1,22520933.358866,60,140,0,12,26265591.916002,52,132,0,1,22326585.151585,42,60,0,1,23757298.272072,93,136,0,1,39384902.169795,
20,1552384166,0.000000,8,148,0,1,23954405.821620,7,120,0,1,24426137.618853,28,184,0,1,20951972.687147,30,180,0,1,21755506.571577,43,168,0,1,19713768.921934,13,180,0,1,20296115.135562,15,160,0,1,21460387.616653,5,132,2,1,24097883.317974,80,168,0,12,23582397.043508,78,148,0,12,24198617.202032,63,148,0,12,24804740.289392,86,160,0,12,25078022.198889,34,164,0,1,19464082.991362,44,160,0,1,19516168.294620,35,144,0,1,21684281.641212,33,132,0,1,22521098.594978,60,140,0,12,26265484.387761,52,132,0,1,22326544.152299,42,60,0,1,23757455.585785,93,136,0,1,39384902.588600,
20,1552384166,0.200000,8,148,0,1,23954468.973958,7,120,0,1,24426265.110144,28,184,0,1,20951958.613546,30,180,0,1,21755602.381998,43,168,0,1,19713839.673842,13,180,0,1,20296111.820020,15,160,0,1,21460312.798844,5,132,2,1,24098022.387484,80,168,0,12,23582378.171098,78,148,0,12,24198683.320907,63,148,0,12,24804684.012440,86,160,0,12,25078107.818382,34,164,0,1,19464103.905448,44,160,0,1,19516108.571250,35,144,0,1,21684154.149921,33,132,0,1,22521263.804914,60,140,0,12,26265377.060197,52,132,0,1,22326503.292614,42,56,0,1,23757612.812247,93,136,0,1,39384902.981230,
20,1552384166,0.400000,8,148,0,1,23954532.230998,7,120,0,1,24426391.519521,28,184,0,1,20951944.609746,30,180,0,1,21755698.410546,43,168,0,1,19713910.539176,13,180,0,1,20296108.443403,15,160,0,1,21460237.946135,5,132,2,1,24098161.928150,80,168,0,12,23582359.054384,78,148,0,12,24198749.361256,63,148,0,12,24804627.822739,86,160,0,12,25078193.272099,34,164,0,1,19464124.758458,44,160,0,1,19516048.839155,35,144,0,1,21684026.780782,33,132,0,1,22521429.093377,60,140,0,12,26265269.880959,52,132,0,1,22326462.476555,42,56,0,1,23757770.326637,93,136,0,1,39384903.330234,
20,1552384166,0.600000,8,148,0,1,23954595.549113,7,120,0,1,24426517.719496,28,184,0,1,20951930.605947,30,180,0,1,21755794.439094,43,168,0,1,19713981.439411,13,180,0,1,20296105.075511,15,160,0,1,21460163.206853,5,132,2,1,24098301.512442,80,168,0,12,23582340.094722,78,148,0,12,24198815.218378,63,148,0,12,24804571.327659,86,160,0,12,25078278.882867,34,164,0,1,19464145.724895,44,160,0,1,19515988.967458,35,144,0,1,21683899.298216,33,132,0,1,22521594.460365,60,140,0,12,26265162.675546,52,132,0,1,22326421.468543,42,52,0,1,23757927.858478,93,140,0,1,39384903.775215,
19,1552384166,0.800000,8,148,0,1,23954658.788702,7,120,0,1,24426644.983934,28,184,0,1,20951916.610872,30,180,0,1,21755890.214614,43,168,0,1,19714052.287295,13,180,0,1,20296101.716344,15,160,0,1,21460088.450120,5,132,2,1,24098440.922231,80,168,0,12,23582320.751156,78,148,0,12,24198881.459404,63,148,0,12,24804515.312460,86,160,0,12,25078364.519811,34,164,0,1,19464166.769858,44,160,0,1,19515929.139386,35,144,0,1,21683771.780750,33,132,0,1,22521759.722652,60,140,0,12,26265055.077504,52,132,0,1,22326380.320929,93,140,0,1,39384904.132944,
19,1552384167,0.000000,8,148,0,1,23954721.941040,7,120,0,1,24426770.145620,28,184,0,1,20951902.432570,30,180,0,1,21755986.155911,43,168,0,1,19714123.187529,13,180,0,1,20296098.400803,15,160,0,1,21460013.641036,5,132,2,1,24098580.009192,80,168,0,12,23582301.678068,78,148,0,12,24198947.054773,63,148,0,12,24804459.279811,86,160,0,12,25078450.130579,34,164,0,1,19464187.631593,44,160,0,1,19515869.328765,35,144,0,1,21683644.376710,33,132,0,1,22521925.046015,60,140,0,12,26264947.636513,52,132,0,1,22326339.269292,93,140,0,1,39384904.508124,
19,1552384167,0.200000,8,148,0,1,23954785.023577,7,120,0,1,24426905.681462,28,184,0,1,20951888.472396,30,180,0,1,21756081.905256,43,168,0,1,19714194.096489,13,180,0,1,20296095.111437,15,160,0,1,21459938.805778,5,132,2,1,24098719.270654,80,168,0,12,23582282.570080,78,148,0,12,24199012.850819,63,148,0,12,24804402.819631,86,160,0,12,25078535.915849,34,164,0,1,19464208.484603,44,160,0,1,19515809.622845,35,144,0,1,21683516.946495,33,132,0,1,22522090.404278,60,140,0,12,26264840.125722,52,132,0,1,22326298.287456,93,140,0,1,39384905.022905,
