obsCount, time1, time2, sat, SNR, LLI, code,P
21,1562423257,0.995000,48,112,2,1,21085816.933374,10,164,0,1,19368783.045882,20,124,0,1,20156692.589930,56,144,2,1,17843688.980745,55,176,0,1,19322126.477750,27,172,0,1,19690882.689865,33,148,0,1,18843718.880156,8,180,0,1,19440453.847273,49,160,0,1,19974741.552026,18,172,0,1,20650767.200976,64,144,0,12,23881395.277812,74,152,0,12,23218993.946925,11,136,0,1,21963656.040692,32,132,0,1,22929091.919772,68,140,0,12,21991743.446785,40,120,0,1,18766743.922693,47,156,0,1,20900530.022133,39,108,2,1,21928658.940244,80,104,0,12,25654184.745659,15,136,0,1,23100919.781499,86,120,0,12,24818341.617306,
21,1562423258,0.195000,48,112,0,1,21085764.722322,10,164,0,1,19368787.373536,20,124,0,1,20156770.208499,56,144,0,1,17843668.563990,55,176,0,1,19322231.074355,27,172,0,1,19690953.433048,33,148,0,1,18843614.458053,8,180,0,1,19440419.958950,49,160,0,1,19974604.777219,18,172,0,1,20650636.987451,64,144,0,12,23881309.632143,74,152,0,12,23218906.556235,11,136,0,1,21963509.982369,32,132,0,1,22928951.585121,68,140,0,12,21991765.852864,40,120,0,1,18766781.021856,47,156,0,1,20900612.805966,39,108,2,1,21928804.195856,80,104,0,12,25654142.306729,15,136,0,1,23101015.478493,86,120,0,12,24818398.505016,
21,1562423258,0.395000,48,112,0,1,21085712.511271,10,164,0,1,19368791.736090,20,124,0,1,20156844.267223,56,144,0,1,17843648.147235,55,176,0,1,19322335.705861,27,172,0,1,19691024.036629,33,148,0,1,18843510.175552,8,180,0,1,19440386.000827,49,160,0,1,19974467.967512,18,172,0,1,20650506.739026,64,144,0,12,23881223.951574,74,152,0,12,23218819.514549,11,136,0,1,21963363.819345,32,132,0,1,22928810.971266,68,140,0,12,21991788.258944,40,120,0,1,18766816.969305,47,156,0,1,20900695.519998,39,108,2,1,21928949.660871,80,104,0,12,25654099.763098,15,136,0,1,23101111.245288,86,120,0,12,24818460.837194,
21,1562423258,0.595000,48,112,0,1,21085660.195518,10,164,0,1,19368796.133545,20,128,0,1,20156925.829541,56,144,0,1,17843627.625779,55,176,0,1,19322440.372267,27,172,0,1,19691094.744911,33,148,0,1,18843405.788349,8,180,0,1,19440352.077603,49,160,0,1,19974331.088004,18,172,0,1,20650376.595302,64,144,0,12,23881138.236105,74,152,0,12,23218732.158759,11,136,0,1,21963217.761023,32,132,0,1,22928670.531914,68,140,0,12,21991810.595223,40,120,0,1,18766851.974441,47,156,0,1,20900778.059528,39,108,2,1,21929095.439990,80,104,0,12,25654055.404645,15,136,0,1,23101206.977183,86,120,0,12,24818520.621640,
21,1562423258,0.795000,48,112,0,1,21085606.064943,10,164,0,1,19368800.531000,20,128,0,1,20157003.308507,56,144,0,1,17843607.383527,55,176,0,1,19322545.108473,27,172,0,1,19691165.557894,33,148,0,1,18843301.366246,8,180,0,1,19440318.119480,49,160,0,1,19974194.173596,18,172,0,1,20650246.486479,64,144,0,12,23881052.590436,74,152,0,12,23218645.012371,11,136,0,1,21963071.981904,32,132,0,1,22928530.127462,68,140,0,12,21991833.175804,40,120,0,1,18766888.724600,47,156,0,1,20900860.773560,39,108,2,1,21929240.172096,80,104,0,12,25654013.279819,15,136,0,1,23101302.778878,86,120,0,12,24818576.741540,
21,1562423258,0.995000,48,112,0,1,21085553.958592,10,164,0,1,19368805.102957,20,124,0,1,20157081.066678,56,144,0,1,17843586.862071,55,176,0,1,19322649.879581,27,172,0,1,19691236.301077,33,148,0,1,18843196.874342,8,180,0,1,19440284.126455,49,160,0,1,19974057.224287,18,172,0,1,20650116.238054,64,144,0,12,23880966.979668,74,152,0,12,23218557.796183,11,136,0,1,21962926.098084,32,132,0,1,22928389.548508,68,140,0,12,21991855.721486,40,120,0,1,18766926.556672,47,156,0,1,20900943.347990,39,108,2,1,21929385.706912,80,104,0,12,25653970.456985,15,136,0,1,23101398.406071,86,120,0,12,24818634.257458,
21,1562423259,0.195000,48,112,0,1,21085499.793117,10,164,0,1,19368809.605113,20,124,0,1,20157161.407480,56,144,0,1,17843566.410415,55,176,0,1,19322754.825190,27,172,0,1,19691306.974459,33,148,0,1,18843092.522040,8,180,0,1,19440250.168332,49,160,0,1,19973920.274978,18,172,0,1,20649986.024529,64,144,0,12,23880881.333999,74,152,0,12,23218470.545095,11,140,0,1,21962780.039761,32,132,0,1,22928249.074255,68,140,0,12,21991878.302067,40,120,0,1,18766961.666510,47,156,0,1,20901025.957321,39,108,2,1,21929531.311529,80,104,0,12,25653927.075744,15,136,0,1,23101494.207767,86,120,0,12,24818698.334657,
21,1562423259,0.395000,48,112,0,1,21085446.604853,10,164,0,1,19368813.932767,20,124,0,1,20157237.246126,56,144,0,1,17843545.923860,55,176,0,1,19322859.596298,27,172,0,1,19691377.473339,33,148,0,1,18842988.239539,8,180,0,1,19440216.245108,49,160,0,1,19973783.325669,18,172,0,1,20649856.055307,64,144,0,12,23880795.513828,74,152,0,12,23218383.224205,11,140,0,1,21962634.260642,32,132,0,1,22928108.669803,68,140,0,12,21991900.638346,40,120,0,1,18766998.800573,47,156,0,1,20901108.531751,39,108,2,1,21929676.078535,80,108,0,12,25653883.834104,15,136,0,1,23101589.869860,86,120,0,12,24818761.399744,
21,1562423259,0.595000,48,112,0,1,21085392.858182,10,164,0,1,19368818.469824,20,124,0,1,20157314.480790,56,144,0,1,17843525.262802,55,176,0,1,19322964.332504,27,172,0,1,19691448.076920,33,148,0,1,18842884.026839,8,180,0,1,19440182.286985,49,160,0,1,19973646.376361,18,172,0,1,20649725.806882,64,144,0,12,23880709.693658,74,152,0,12,23218296.042917,11,140,0,1,21962488.027818,32,128,0,1,22927968.265351,68,140,0,12,21991922.625620,40,120,0,1,18767034.643321,47,152,0,1,20901191.071281,39,108,2,1,21929822.136858,80,108,0,12,25653839.440750,15,136,0,1,23101685.497053,86,120,0,12,24818815.879324,
21,1562423259,0.795000,48,108,0,1,21085339.600118,10,148,0,1,19368823.041781,20,104,0,1,20157393.495376,56,116,0,1,17843504.985649,55,152,0,1,19323069.173413,27,152,0,1,19691518.820102,33,124,0,1,18842779.744338,8,160,0,1,19440148.363761,49,132,0,1,19973509.601554,18,152,0,1,20649595.593357,64,128,0,12,23880624.047989,74,140,0,12,23218208.861629,11,124,0,1,21962342.109097,32,112,0,1,22927827.860899,68,124,0,12,21991944.892098,40,92,0,1,18767071.812284,47,132,0,1,20901273.785313,39,104,2,1,21929967.183068,80,104,0,12,25653796.443414,15,116,0,1,23101781.124247,86,116,0,12,24818876.257077,
21,1562423259,0.995000,48,108,0,1,21085285.609144,10,148,0,1,19368827.509037,20,104,0,1,20157469.752828,56,116,0,1,17843484.464193,55,152,0,1,19323173.839819,27,152,0,1,19691589.493484,33,124,0,1,18842675.392035,8,160,0,1,19440114.405638,49,132,0,1,19973372.756947,18,152,0,1,20649465.484534,64,128,0,12,23880538.262719,74,140,0,12,23218121.575640,11,120,0,1,21962196.190376,32,112,0,1,22927686.653737,68,124,0,12,21991967.228377,40,92,0,1,18767109.120850,47,132,0,1,20901356.569146,39,104,2,1,21930112.927286,80,104,0,12,25653752.050060,15,116,0,1,23101876.821241,86,116,0,12,24818936.111324,
21,1562423260,0.195000,48,108,0,1,21085232.944387,10,160,0,1,19368832.150795,20,124,0,1,20157548.104305,56,144,0,1,17843464.152140,55,176,0,1,19323278.610926,27,168,0,1,19691660.131966,33,148,0,1,18842571.074634,8,180,0,1,19440080.656917,49,160,0,1,19973236.017040,18,168,0,1,20649335.375710,64,140,0,12,23880452.721751,74,148,0,12,23218034.533954,11,136,0,1,21962051.493171,32,128,0,1,22927544.608965,68,136,0,12,21991989.634457,40,96,0,1,18767146.185112,47,152,0,1,20901439.178477,39,108,1,1,21930258.357401,80,104,0,12,25653708.005710,15,132,0,1,23101972.413534,86,112,0,12,24819003.434264,
21,1562423260,0.395000,48,108,0,1,21085179.965526,10,160,0,1,19368836.513349,20,124,0,1,20157624.396657,56,144,0,1,17843443.630683,55,176,0,1,19323383.347133,27,168,0,1,19691730.805347,33,148,0,1,18842466.792133,8,180,0,1,19440046.768594,49,160,0,1,19973099.137532,18,168,0,1,20649205.406488,64,140,0,12,23880367.041182,74,148,0,12,23217947.352666,11,136,0,1,21961904.527437,32,128,0,1,22927402.424591,68,136,0,12,21992012.075437,40,120,0,1,18767183.284275,47,152,0,1,20901521.613305,39,108,0,1,21930403.229109,80,104,0,12,25653666.404391,15,132,0,1,23102068.040727,86,112,0,12,24819058.332649,
21,1562423260,0.595000,48,108,0,1,21085126.881964,10,164,0,1,19368841.050406,20,124,0,1,20157702.643434,56,144,0,1,17843423.179028,55,180,0,1,19323488.118240,27,168,0,1,19691801.513630,33,148,0,1,18842362.439831,8,180,0,1,19440012.984972,49,160,0,1,19972962.292925,18,168,0,1,20649075.227864,64,140,0,12,23880281.395513,74,148,0,12,23217859.857275,11,136,0,1,21961757.491902,32,128,0,1,22927261.915437,68,136,0,12,21992034.516417,40,120,0,1,18767224.047984,47,152,0,1,20901604.292437,39,108,0,1,21930547.786712,80,104,0,12,25653624.139964,15,132,0,1,23102163.772621,86,116,0,12,24819116.302273,
21,1562423260,0.795000,48,108,0,1,21085073.065492,10,164,0,1,19368845.587462,20,124,0,1,20157781.169413,56,144,0,1,17843402.692473,55,180,0,1,19323592.819547,27,172,0,1,19691872.221912,33,148,0,1,18842258.122429,8,180,0,1,19439979.201351,49,160,0,1,19972825.378516,18,168,0,1,20648945.014339,64,140,0,12,23880195.819646,74,148,0,12,23217772.501485,11,136,0,1,21961613.806809,32,128,0,1,22927120.847877,68,136,0,12,21992056.852695,40,120,0,1,18767260.449138,47,152,0,1,20901686.971569,39,108,0,1,21930692.518818,80,104,0,12,25653581.421831,15,132,0,1,23102259.574317,86,116,0,12,24819176.994130,
21,1562423260,0.995000,48,108,0,1,21085018.865116,10,164,0,1,19368849.915116,20,124,0,1,20157860.707506,56,144,0,1,17843382.345519,55,180,0,1,19323697.590654,27,172,0,1,19691942.930194,33,148,0,1,18842153.805027,8,180,0,1,19439945.347928,49,160,0,1,19972688.429208,18,168,0,1,20648814.870615,64,140,0,12,23880109.999475,74,148,0,12,23217685.285296,11,136,0,1,21961466.666573,32,128,0,1,22926977.790992,68,136,0,12,21992079.468177,40,120,0,1,18767299.607427,47,152,0,1,20901769.580900,39,108,0,1,21930837.460327,80,104,0,12,25653536.749273,15,132,0,1,23102355.166609,86,116,0,12,24819236.115468,
21,1562423261,0.195000,48,108,0,1,21084966.479562,10,164,0,1,19368854.382372,20,124,0,1,20157938.954282,56,144,0,1,17843361.789162,55,180,0,1,19323802.361761,27,172,0,1,19692013.533775,33,148,0,1,18842049.487626,8,180,0,1,19439911.354904,49,160,0,1,19972551.410098,18,168,0,1,20648684.657091,64,136,0,12,23880024.423607,74,148,0,12,23217597.999307,11,136,0,1,21961317.781316,32,124,0,1,22926838.293952,68,136,0,12,21992101.804456,40,120,0,1,18767337.788503,47,152,0,1,20901852.225131,39,108,0,1,21930982.576338,80,104,0,12,25653491.518309,15,132,0,1,23102450.793803,86,116,0,12,24819299.878563,
21,1562423261,0.395000,48,108,0,1,21084912.872493,10,164,0,1,19368858.814727,20,124,0,1,20158014.792928,56,144,0,1,17843341.372408,55,180,0,1,19323907.063068,27,172,0,1,19692084.102456,33,148,0,1,18841945.100423,8,180,0,1,19439877.257179,49,160,0,1,19972414.565490,18,168,0,1,20648554.548267,64,136,0,12,23879938.568536,74,148,0,12,23217510.538816,11,136,0,1,21961172.386101,32,124,0,1,22926694.853162,68,136,0,12,21992123.931332,40,120,0,1,18767375.480974,47,152,0,1,20901934.869362,39,108,0,1,21931127.099041,80,104,0,12,25653445.728937,15,132,0,1,23102546.560598,86,116,0,12,24819355.684360,
21,1562423261,0.595000,48,108,0,1,21084859.125823,10,164,0,1,19368863.212182,20,124,0,1,20158090.771176,56,144,0,1,17843320.990553,55,180,0,1,19324011.624772,27,172,0,1,19692154.671136,33,148,0,1,18841840.748121,8,180,0,1,19439843.333955,49,164,0,1,19972277.720883,18,168,0,1,20648424.404543,64,140,0,12,23879852.748365,74,148,0,12,23217423.113225,11,136,0,1,21961026.188177,32,124,0,1,22926555.460822,68,136,0,12,21992146.302511,40,116,0,1,18767410.032405,47,152,0,1,20902017.548494,39,108,0,1,21931272.040549,80,104,0,12,25653402.208094,15,132,0,1,23102642.187791,86,116,0,12,24819414.177490,
21,1562423261,0.795000,48,108,0,1,21084804.646243,10,164,0,1,19368867.679438,20,124,0,1,20158168.319944,56,144,0,1,17843300.678500,55,180,0,1,19324116.360979,27,172,0,1,19692225.170016,33,148,0,1,18841736.360918,8,180,0,1,19439809.340931,49,164,0,1,19972140.806475,18,168,0,1,20648294.051417,64,140,0,12,23879766.928194,74,148,0,12,23217335.966838,11,136,0,1,21960880.897664,32,128,0,1,22926412.997245,68,136,0,12,21992168.638790,40,120,0,1,18767447.271169,47,152,0,1,20902100.297426,39,108,0,1,21931417.086759,80,104,0,12,25653357.989243,15,136,0,1,23102737.884785,86,116,0,12,24819474.450542,
21,1562423261,0.995000,48,108,0,1,21084751.353278,10,164,0,1,19368872.216495,20,124,0,1,20158246.811024,56,144,0,1,17843280.261745,55,180,0,1,19324221.062286,27,172,0,1,19692295.773597,33,148,0,1,18841632.043517,8,180,0,1,19439775.313007,49,164,0,1,19972003.857166,18,168,0,1,20648163.628489,64,140,0,12,23879681.212724,74,152,0,12,23217248.645948,11,136,0,1,21960735.676952,32,128,0,1,22926273.255901,68,136,0,12,21992191.044870,40,120,0,1,18767484.719337,47,152,0,1,20902182.802056,39,108,0,1,21931561.958467,80,104,0,12,25653313.177084,15,136,0,1,23102833.616679,86,116,0,12,24819536.329014,
21,1562423262,0.195000,48,108,1,1,21084698.130114,10,164,0,1,19368876.823352,20,124,0,1,20158322.754371,56,144,0,1,17843259.984592,55,180,0,1,19324325.903194,27,172,0,1,19692366.342277,33,148,0,1,18841527.726115,8,180,0,1,19439741.319982,49,164,0,1,19971866.907857,18,168,0,1,20648033.380064,64,140,0,12,23879595.392554,74,152,0,12,23217161.255258,11,136,0,1,21960587.734006,32,128,0,1,22926134.107865,68,136,0,12,21992213.311348,40,120,0,1,18767521.469495,47,152,0,1,20902265.411386,39,108,0,1,21931707.946989,80,104,0,12,25653268.364924,15,136,0,1,23102929.453275,86,116,0,12,24819594.542940,
21,1562423262,0.395000,48,104,0,1,21084645.639859,10,164,0,1,19368881.500010,20,124,0,1,20158398.453416,56,144,0,1,17843239.567837,55,180,0,1,19324430.674301,27,172,0,1,19692436.945858,33,148,0,1,18841423.478514,8,180,0,1,19439707.431660,49,164,0,1,19971729.958548,18,168,0,1,20647903.096739,64,140,0,12,23879509.572383,74,152,0,12,23217074.004169,11,136,0,1,21960442.757597,32,128,0,1,22925995.308833,68,136,0,12,21992235.787228,40,120,0,1,18767561.081489,47,152,0,1,20902348.160319,39,108,0,1,21931852.853597,80,104,0,12,25653225.402488,15,132,0,1,23103025.080468,86,116,0,12,24819655.653603,
21,1562423262,0.595000,48,104,0,1,21084592.067690,10,164,0,1,19368886.002167,20,124,0,1,20158481.237249,56,144,0,1,17843219.081282,55,180,0,1,19324535.445408,27,172,0,1,19692507.584340,33,148,0,1,18841319.230914,8,180,0,1,19439673.438635,49,160,0,1,19971593.044140,18,168,0,1,20647772.918114,64,140,0,12,23879423.926714,74,152,0,12,23216986.787981,11,136,0,1,21960299.526210,32,128,0,1,22925855.986295,68,136,0,12,21992258.158407,40,120,0,1,18767597.412843,47,148,0,1,20902430.839451,39,112,0,1,21931998.493114,80,104,0,12,25653182.091048,15,132,0,1,23103120.812363,86,116,0,12,24819707.759953,
21,1562423262,0.795000,48,104,0,1,21084539.298232,10,164,0,1,19368890.539223,20,128,0,1,20158560.705540,56,144,0,1,17843198.664527,55,180,0,1,19324640.146715,27,172,0,1,19692578.327523,33,148,0,1,18841214.773910,8,180,0,1,19439639.480512,49,160,0,1,19971456.164632,18,168,0,1,20647642.739490,64,140,0,12,23879338.211245,74,148,0,12,23216899.467091,11,136,0,1,21960155.876018,32,128,0,1,22925714.430128,68,136,0,12,21992280.494686,40,120,0,1,18767633.988499,47,148,0,1,20902513.588383,39,112,0,1,21932143.888328,80,104,0,12,25653139.163512,15,132,0,1,23103216.579158,86,116,0,12,24819767.020892,
21,1562423262,0.995000,48,104,0,1,21084485.446860,10,164,0,1,19368894.936678,20,128,0,1,20158639.371122,56,144,0,1,17843178.526976,55,180,0,1,19324744.952723,27,172,0,1,19692648.861303,33,148,0,1,18841110.665911,8,180,0,1,19439605.557288,49,160,0,1,19971319.250223,18,168,0,1,20647512.595766,64,140,0,12,23879252.425974,74,148,0,12,23216812.390504,11,136,0,1,21960006.920959,32,128,0,1,22925572.804161,68,136,0,12,21992302.796064,40,120,0,1,18767669.796346,47,148,0,1,20902596.162813,39,112,0,1,21932288.725135,80,104,0,12,25653094.316453,15,132,0,1,23103312.415754,86,120,0,12,24819824.641511,
21,1562423263,0.195000,48,104,0,1,21084431.420986,10,164,0,1,19368899.403934,20,128,0,1,20158720.305232,56,144,0,1,17843158.214922,55,180,0,1,19324849.828531,27,172,0,1,19692719.604485,33,148,0,1,18841006.523012,8,180,0,1,19439571.738766,49,160,0,1,19971182.545218,18,168,0,1,20647382.486942,64,140,0,12,23879167.129310,74,148,0,12,23216725.313918,11,136,0,1,21959862.433156,32,128,0,1,22925432.504410,68,136,0,12,21992325.551148,40,120,0,1,18767707.035111,47,148,0,1,20902678.981547,39,112,0,1,21932433.910947,80,104,0,12,25653050.760709,15,132,0,1,23103408.182549,86,120,0,12,24819885.228667,
21,1562423263,0.395000,48,104,0,1,21084378.058220,10,164,0,1,19368903.871189,20,128,0,1,20158796.737185,56,144,0,1,17843137.798167,55,180,0,1,19324954.669439,27,172,0,1,19692790.382569,33,148,0,1,18840902.275411,8,180,0,1,19439537.815543,49,160,0,1,19971045.630809,18,168,0,1,20647252.413019,64,136,0,12,23879081.483641,74,148,0,12,23216638.027929,11,136,0,1,21959713.652600,32,128,0,1,22925292.414062,68,136,0,12,21992348.061929,40,120,0,1,18767746.472603,47,148,0,1,20902761.765380,39,116,0,1,21932578.573252,80,104,0,12,25653007.135165,15,132,0,1,23103503.914443,86,120,0,12,24819946.374230,
21,1562423263,0.595000,48,104,0,1,21084324.137047,10,164,0,1,19368908.443147,20,128,0,1,20158871.668420,56,144,0,1,17843117.590815,55,180,0,1,19325059.475447,27,172,0,1,19692861.090851,33,148,0,1,18840798.027810,8,180,0,1,19439503.997021,49,160,0,1,19970908.751301,18,168,0,1,20647122.304196,64,136,0,12,23878995.523869,74,148,0,12,23216550.776840,11,136,0,1,21959568.362087,32,124,0,1,22925151.835108,68,136,0,12,21992370.468009,40,120,0,1,18767784.165073,47,152,0,1,20902844.444511,39,112,0,1,21932723.933566,80,104,0,12,25652963.544521,15,132,0,1,23103599.541636,86,120,0,12,24820005.704970,
21,1562423263,0.795000,48,108,0,1,21084270.878983,10,164,0,1,19368913.084904,20,128,0,1,20158948.833283,56,144,0,1,17843097.383463,55,180,0,1,19325164.351256,27,172,0,1,19692931.903834,33,148,0,1,18840693.884911,8,180,0,1,19439470.178499,49,160,0,1,19970771.941594,18,168,0,1,20646992.125572,64,136,0,12,23878909.982901,74,148,0,12,23216463.665353,11,136,0,1,21959422.443366,32,124,0,1,22925012.338068,68,136,0,12,21992392.769387,40,124,0,1,18767821.648141,47,152,0,1,20902927.402847,39,112,0,1,21932869.398581,80,104,0,12,25652918.522959,15,132,0,1,23103695.273531,86,120,0,12,24820063.988698,
21,1562423263,0.995000,48,108,0,1,21084217.655818,10,164,0,1,19368917.796463,20,128,0,1,20159028.092172,56,144,0,1,17843077.036509,55,180,0,1,19325269.122363,27,172,0,1,19693002.472515,33,148,0,1,18840589.637310,8,180,0,1,19439436.290176,49,164,0,1,19970635.166788,18,168,0,1,20646861.912047,64,136,0,12,23878824.127830,74,148,0,12,23216376.484065,11,136,0,1,21959275.477632,32,124,0,1,22924871.410109,68,136,0,12,21992415.140566,40,120,0,1,18767858.677503,47,152,0,1,20903010.151779,39,112,0,1,21933013.991085,80,104,0,12,25652874.932315,15,128,0,1,23103790.900724,86,120,0,12,24820123.179836,
21,1562423264,0.195000,48,108,3,1,21084164.327953,10,164,0,1,19368922.403321,20,128,0,1,20159106.373849,56,144,0,1,17843056.689555,55,180,0,1,19325374.067973,27,172,0,1,19693073.355299,33,148,0,1,18840485.354809,8,180,0,1,19439402.576356,49,160,0,1,19970498.357080,18,168,0,1,20646731.803223,64,136,0,12,23878738.551962,74,148,0,12,23216289.163176,11,136,0,1,21959130.187119,32,124,0,1,22924730.796255,68,136,0,12,21992437.302342,40,124,0,1,18767893.194033,47,152,0,1,20903093.040313,39,112,0,1,21933159.281598,80,104,0,12,25652833.505498,15,128,0,1,23103886.737320,86,120,0,12,24820183.766992,
21,1562423264,0.395000,48,108,2,1,21084111.104789,10,164,0,1,19368926.940377,20,128,0,1,20159183.434010,56,144,0,1,17843036.342601,55,180,0,1,19325478.769279,27,172,0,1,19693144.168283,33,148,0,1,18840381.177009,8,180,0,1,19439368.722933,49,160,0,1,19970361.407772,18,168,0,1,20646601.659499,64,136,0,12,23878652.836493,74,148,0,12,23216202.016788,11,136,0,1,21958983.430788,32,124,0,1,22924587.111162,68,136,0,12,21992459.813123,40,124,0,1,18767931.793915,47,152,0,1,20903175.684545,39,112,0,1,21933303.978804,80,104,0,12,25652791.659876,15,128,0,1,23103982.469215,86,120,0,12,24820248.472400,
21,1562423264,0.595000,48,108,2,1,21084058.160828,10,164,0,1,19368931.651936,20,132,0,1,20159258.609548,56,144,0,1,17843016.100349,55,176,0,1,19325583.540386,27,172,0,1,19693214.876565,33,148,0,1,18840276.999209,8,180,0,1,19439334.869511,49,164,0,1,19970224.458463,18,168,0,1,20646471.411074,64,136,0,12,23878567.086123,74,148,0,12,23216114.905301,11,140,0,1,21958837.163063,32,124,0,1,22924447.265117,68,136,0,12,21992482.323904,40,124,0,1,18767968.369571,47,152,0,1,20903258.433477,39,112,0,1,21933449.059914,80,104,0,12,25652749.011544,15,128,0,1,23104078.270910,86,120,0,12,24820304.243296,
21,1562423264,0.795000,48,108,2,1,21084003.541647,10,164,0,1,19368936.223893,20,132,0,1,20159338.706048,56,144,0,1,17842995.788295,55,176,0,1,19325688.241693,27,172,0,1,19693285.480146,33,148,0,1,18840172.926110,8,180,0,1,19439301.050989,49,160,0,1,19970087.683656,18,168,0,1,20646341.092848,64,136,0,12,23878481.370653,74,148,0,12,23216027.863615,11,140,0,1,21958692.151754,32,120,0,1,22924304.592137,68,136,0,12,21992504.869586,40,124,0,1,18768005.364033,47,152,0,1,20903341.287111,39,112,0,1,21933592.605405,80,104,0,12,25652706.537714,15,128,0,1,23104174.072605,86,120,0,12,24820365.772763,
21,1562423264,0.995000,48,108,2,1,21083950.074180,10,164,0,1,19368940.726049,20,132,0,1,20159415.905811,56,144,0,1,17842975.441342,55,176,0,1,19325792.908099,27,172,0,1,19693356.467632,33,148,0,1,18840068.748310,8,180,0,1,19439267.372069,49,160,0,1,19969950.664546,18,168,0,1,20646210.914224,64,136,0,12,23878395.550482,74,152,0,12,23215940.612527,11,140,0,1,21958546.442435,32,120,0,1,22924164.117884,68,136,0,12,21992527.380366,40,124,0,1,18768044.522322,47,152,0,1,20903424.001143,39,112,0,1,21933738.419424,80,104,0,12,25652663.261174,15,128,0,1,23104269.769599,86,120,0,12,24820424.859201,
21,1562423265,0.195000,48,112,2,1,21083897.339622,10,164,0,1,19368945.437608,20,132,0,1,20159493.733782,56,144,0,1,17842955.024587,55,176,0,1,19325897.714106,27,172,0,1,19693427.245715,33,148,0,1,18839964.640311,8,180,0,1,19439233.518646,49,160,0,1,19969813.889740,18,168,0,1,20646080.805400,64,136,0,12,23878310.009515,74,148,0,12,23215853.256737,11,140,0,1,21958398.639091,32,120,0,1,22924022.561717,68,136,0,12,21992549.856247,40,124,0,1,18768082.110091,47,152,0,1,20903506.750076,39,112,0,1,21933883.116630,80,104,0,12,25652620.857145,15,128,0,1,23104365.396793,86,120,0,12,24820481.607309,
21,1562423265,0.395000,48,112,2,1,21083843.767453,10,164,0,1,19368950.009565,20,132,0,1,20159571.177849,56,144,0,1,17842934.712533,55,176,0,1,19326002.485214,27,172,0,1,19693497.953997,33,148,0,1,18839860.392711,8,180,0,1,19439199.700124,49,160,0,1,19969676.975331,18,168,0,1,20645950.522075,64,136,0,12,23878224.189344,74,148,0,12,23215766.075449,11,140,0,1,21958253.488180,32,120,0,1,22923879.539733,68,136,0,12,21992572.297227,40,124,0,1,18768119.977063,47,148,0,1,20903589.429207,39,112,0,1,21934028.093039,80,104,0,12,25652579.639731,15,128,0,1,23104460.884384,86,120,0,12,24820539.925936,
21,1562423265,0.595000,48,112,2,1,21083790.753692,10,164,0,1,19368954.616423,20,132,0,1,20159648.552114,56,144,0,1,17842914.400480,55,176,0,1,19326107.221421,27,172,0,1,19693568.697180,33,148,0,1,18839756.249811,8,180,0,1,19439165.776901,49,164,0,1,19969540.200525,18,168,0,1,20645820.273650,64,136,0,12,23878138.334273,74,148,0,12,23215678.754559,11,140,0,1,21958108.023165,32,120,0,1,22923743.288433,68,136,0,12,21992594.563705,40,124,0,1,18768157.180927,47,148,0,1,20903672.003638,39,112,0,1,21934173.069448,80,104,0,12,25652536.502792,15,128,0,1,23104556.581378,86,120,0,12,24820600.513092,
21,1562423265,0.795000,48,112,2,1,21083737.460727,10,164,0,1,19368959.188380,20,132,0,1,20159727.392198,56,144,0,1,17842894.123327,55,176,0,1,19326212.027428,27,172,0,1,19693639.440363,33,148,0,1,18839652.002210,8,180,0,1,19439131.888578,49,164,0,1,19969403.355917,18,168,0,1,20645690.095025,64,136,0,12,23878052.444301,74,148,0,12,23215591.538371,11,140,0,1,21957961.825241,32,120,0,1,22923600.336249,68,136,0,12,21992617.109386,40,124,0,1,18768195.885510,47,148,0,1,20903754.717670,39,112,0,1,21934319.546576,80,104,0,12,25652492.318841,15,128,0,1,23104652.383074,86,120,0,12,24820659.878733,
21,1562423265,0.995000,48,112,2,1,21083684.970472,10,164,0,1,19368963.760337,20,132,0,1,20159805.464472,56,144,0,1,17842873.741473,55,176,0,1,19326316.798536,27,172,0,1,19693710.009043,33,148,0,1,18839547.789510,8,180,0,1,19439098.244558,49,164,0,1,19969266.441509,18,168,0,1,20645559.986202,64,136,0,12,23877966.833533,74,148,0,12,23215504.391984,11,140,0,1,21957816.779031,32,120,0,1,22923460.978810,68,136,0,12,21992639.724868,40,124,0,1,18768231.309452,47,148,0,1,20903837.466602,39,112,0,1,21934464.837088,80,104,0,12,25652448.797998,15,128,0,1,23104748.114968,86,120,0,12,24820718.930270,
21,1562423266,0.195000,48,112,2,1,21083632.096312,10,164,0,1,19368968.332294,20,132,0,1,20159883.955551,56,144,0,1,17842853.464320,55,176,0,1,19326421.569643,27,172,0,1,19693780.647525,33,148,0,1,18839443.681511,8,180,0,1,19439064.391136,49,164,0,1,19969129.562001,18,168,0,1,20645429.982080,64,136,0,12,23877881.222765,74,148,0,12,23215417.105994,11,140,0,1,21957670.720708,32,120,0,1,22923319.248142,68,136,0,12,21992662.130948,40,124,0,1,18768268.687819,47,148,0,1,20903920.250435,39,112,0,1,21934609.499394,80,104,0,12,25652404.788549,15,128,0,1,23104844.056265,86,120,0,12,24820778.086508,
21,1562423266,0.395000,48,112,2,1,21083579.571157,10,164,0,1,19368972.764649,20,132,0,1,20159963.319142,56,144,0,1,17842833.256967,55,176,0,1,19326526.445452,27,172,0,1,19693851.251106,33,148,0,1,18839339.538611,8,180,0,1,19439030.398112,49,164,0,1,19968992.717393,18,168,0,1,20645299.698754,64,136,0,12,23877795.611996,74,148,0,12,23215329.959607,11,140,0,1,21957524.452983,32,120,0,1,22923180.553811,68,136,0,12,21992684.746430,40,128,0,1,18768304.984272,47,148,0,1,20904002.894666,39,112,0,1,21934754.685205,80,104,0,12,25652361.546909,15,128,0,1,23104939.857961,86,120,0,12,24820839.476374,
21,1562423266,0.595000,48,112,2,1,21083525.580183,10,164,0,1,19368977.301706,20,132,0,1,20160041.112212,56,144,0,1,17842813.084516,55,176,0,1,19326631.321260,27,172,0,1,19693921.889587,33,148,0,1,18839235.360812,8,180,0,1,19438996.614490,49,164,0,1,19968855.837885,18,168,0,1,20645169.694632,64,136,0,12,23877710.001228,74,148,0,12,23215242.778319,11,140,0,1,21957378.394661,32,120,0,1,22923041.056770,68,136,0,12,21992706.803505,40,128,0,1,18768343.060647,47,148,0,1,20904085.678499,39,112,0,1,21934899.312610,80,104,0,12,25652317.293157,15,124,0,1,23105035.659656,86,120,0,12,24820897.271495,
21,1562423266,0.795000,48,112,2,1,21083473.578534,10,164,0,1,19368981.803862,20,132,0,1,20160118.870383,56,144,0,1,17842792.877164,55,176,0,1,19326736.162168,27,172,0,1,19693992.667670,33,148,0,1,18839131.183012,8,180,0,1,19438962.621466,49,164,0,1,19968719.028178,18,168,0,1,20645039.690510,64,136,0,12,23877624.111256,74,148,0,12,23215155.666832,11,140,0,1,21957232.650442,32,120,0,1,22922897.232076,68,136,0,12,21992729.174684,40,128,0,1,18768380.473914,47,148,0,1,20904168.462332,39,116,0,1,21935043.521209,80,104,0,12,25652273.248808,15,124,0,1,23105131.566053,86,120,0,12,24820955.764625,
21,1562423266,0.995000,48,112,2,1,21083420.320469,10,164,0,1,19368986.375819,20,132,0,1,20160195.372137,56,144,0,1,17842772.669811,55,176,0,1,19326840.933276,27,172,0,1,19694063.410853,33,148,0,1,18839026.935411,8,180,0,1,19438928.698243,49,164,0,1,19968582.078870,18,168,0,1,20644909.442084,64,136,0,12,23877538.325986,74,152,0,12,23215068.380843,11,140,0,1,21957086.138414,32,120,0,1,22922756.094715,68,136,0,12,21992751.859967,40,128,0,1,18768417.817380,47,148,0,1,20904251.350866,39,112,0,1,21935188.776822,80,104,0,12,25652229.378960,15,124,0,1,23105227.193246,86,120,0,12,24821018.271305,
21,1562423267,0.195000,48,112,2,1,21083367.202007,10,164,0,1,19368990.877975,20,132,0,1,20160273.653814,56,144,0,1,17842752.357758,55,176,0,1,19326945.774184,27,172,0,1,19694134.223837,33,148,0,1,18838922.548208,8,180,0,1,19438894.844820,49,164,0,1,19968445.373864,18,168,0,1,20644779.368161,64,136,0,12,23877452.470915,74,152,0,12,23214981.059954,11,140,0,1,21956940.778100,32,120,0,1,22922615.411059,68,136,0,12,21992774.266047,40,128,0,1,18768454.462837,47,148,0,1,20904334.204500,39,112,0,1,21935333.159923,80,104,0,12,25652184.776204,15,124,0,1,23105322.994941,86,120,0,12,24821074.286504,
21,1562423267,0.395000,48,112,2,1,21083314.013743,10,164,0,1,19368995.415032,20,132,0,1,20160351.795889,56,144,0,1,17842732.115505,55,176,0,1,19327050.510391,27,172,0,1,19694204.862318,33,148,0,1,18838818.265707,8,180,0,1,19438860.886697,49,164,0,1,19968308.633958,18,168,0,1,20644649.154637,64,132,0,12,23877366.720545,74,148,0,12,23214894.018267,11,140,0,1,21956795.243284,32,116,0,1,22922474.099196,68,136,0,12,21992796.602326,40,128,0,1,18768493.830528,47,148,0,1,20904417.162835,39,112,0,1,21935478.241033,80,104,0,12,25652140.138547,15,124,0,1,23105419.320143,86,120,0,12,24821135.955573,
21,1562423267,0.595000,48,112,2,1,21083259.743566,10,164,0,1,19369000.021889,20,132,0,1,20160429.274856,56,144,0,1,17842711.908153,55,176,0,1,19327155.281498,27,172,0,1,19694275.570600,33,148,0,1,18838714.192609,8,180,0,1,19438827.242677,49,164,0,1,19968171.579947,18,168,0,1,20644519.080714,64,132,0,12,23877281.074876,74,152,0,12,23214806.767179,11,140,0,1,21956649.638668,32,116,0,1,22922334.008848,68,136,0,12,21992819.182907,40,124,0,1,18768531.243795,47,152,0,1,20904500.016469,39,108,0,1,21935623.845650,80,104,0,12,25652096.652604,15,120,0,1,23105514.493631,86,120,0,12,24821194.937309,
21,1562423267,0.795000,48,112,2,1,21083207.392913,10,164,0,1,19369004.419344,20,132,0,1,20160506.928325,56,144,0,1,17842691.805502,55,176,0,1,19327259.947904,27,172,0,1,19694346.243982,33,148,0,1,18838610.084610,8,180,0,1,19438793.563756,49,164,0,1,19968034.840041,18,168,0,1,20644388.902089,64,132,0,12,23877195.533909,74,152,0,12,23214719.516090,11,140,0,1,21956503.580345,32,116,0,1,22922188.055227,68,136,0,12,21992841.623887,40,124,0,1,18768569.459772,47,152,0,1,20904582.905004,39,108,0,1,21935768.368354,80,104,0,12,25652053.515666,15,92,0,1,23105610.469828,86,120,0,12,24821254.093548,
21,1562423267,0.995000,48,112,2,1,21083153.541541,10,164,0,1,19369008.746998,20,132,0,1,20160584.895898,56,144,0,1,17842671.667951,55,176,0,1,19327364.719011,27,172,0,1,19694417.056966,33,148,0,1,18838505.976611,8,180,0,1,19438759.815035,49,164,0,1,19967897.995434,18,168,0,1,20644258.688564,64,132,0,12,23877110.062742,74,152,0,12,23214632.125400,11,140,0,1,21956357.556923,32,116,0,1,22922046.778264,68,136,0,12,21992864.274270,40,124,0,1,18768605.826025,47,152,0,1,20904665.723737,39,108,0,1,21935912.542053,80,104,0,12,25652008.319602,15,88,0,1,23105706.690329,86,120,0,12,24821314.331699,
21,1562423268,0.195000,48,112,2,1,21083099.306264,10,164,0,1,19369013.423656,20,132,0,1,20160662.863470,56,144,0,1,17842651.460599,55,176,0,1,19327469.455218,27,172,0,1,19694487.835049,33,148,0,1,18838401.973313,8,180,0,1,19438726.031414,49,164,0,1,19967761.220627,18,168,0,1,20644128.579741,64,132,0,12,23877024.242571,74,152,0,12,23214544.874311,11,140,0,1,21956211.708003,32,116,0,1,22921907.525527,68,136,0,12,21992887.099155,40,128,0,1,18768643.727898,47,152,0,1,20904748.612271,39,108,0,1,21936058.460773,80,104,0,12,25651964.659157,15,88,0,1,23105801.305410,86,120,0,12,24821376.873280,
21,1562423268,0.395000,48,112,2,1,21083045.385091,10,164,0,1,19369018.135215,20,132,0,1,20160740.516939,56,144,0,1,17842631.148546,55,176,0,1,19327574.365927,27,172,0,1,19694558.508431,33,148,0,1,18838297.830413,8,180,0,1,19438692.177991,49,164,0,1,19967624.445820,18,168,0,1,20643998.366216,64,132,0,12,23876938.736504,74,152,0,12,23214457.588322,11,140,0,1,21956065.824183,32,112,0,1,22921766.353265,68,136,0,12,21992909.819338,40,128,0,1,18768680.059252,47,152,0,1,20904831.465905,39,104,0,1,21936203.402282,80,104,0,12,25651920.928911,15,88,0,1,23105895.850689,86,120,0,12,24821436.308721,
21,1562423268,0.595000,48,108,2,1,21082991.638420,10,164,0,1,19369022.532670,20,132,0,1,20160818.379811,56,144,0,1,17842610.766691,55,176,0,1,19327679.241736,27,172,0,1,19694629.286514,33,148,0,1,18838193.792215,8,180,0,1,19438658.359469,49,164,0,1,19967487.566312,18,168,0,1,20643868.431895,64,132,0,12,23876853.055935,74,152,0,12,23214370.372134,11,140,0,1,21955919.800761,32,112,0,1,22921624.343393,68,136,0,12,21992932.539522,40,128,0,1,18768717.647021,47,152,0,1,20904914.319539,39,104,0,1,21936348.413591,80,104,0,12,25651877.931575,15,88,0,1,23105990.779874,86,120,0,12,24821494.906552,
21,1562423268,0.795000,48,108,2,1,21082938.868962,10,164,0,1,19369027.174428,20,132,0,1,20160896.172882,56,144,0,1,17842590.524439,55,176,0,1,19327783.977943,27,172,0,1,19694700.099498,33,152,0,1,18838089.649316,8,180,0,1,19438624.540947,49,164,0,1,19967350.826406,18,168,0,1,20643738.532474,64,132,0,12,23876767.410267,74,152,0,12,23214283.504950,11,140,0,1,21955773.847140,32,112,0,1,22921484.811452,68,136,0,12,21992955.294606,40,128,0,1,18768754.432080,47,152,0,1,20904997.208073,39,104,0,1,21936493.285299,80,104,0,12,25651835.178541,15,88,0,1,23106085.360054,86,120,0,12,24821552.945977,
21,1562423268,0.995000,48,108,2,1,21082885.331694,10,164,0,1,19369031.920887,20,132,0,1,20160973.965952,56,144,0,1,17842570.491589,55,176,0,1,19327888.679249,27,172,0,1,19694770.877581,33,152,0,1,18837985.541317,8,180,0,1,19438590.827127,49,164,0,1,19967213.981799,18,168,0,1,20643608.284049,64,132,0,12,23876681.590096,74,152,0,12,23214196.358562,11,140,0,1,21955627.858618,32,112,0,1,22921341.754567,68,136,0,12,21992978.014789,40,124,0,1,18768791.670844,47,152,0,1,20905080.201309,39,104,0,1,21936638.820115,80,104,0,12,25651792.460408,15,88,0,1,23106180.498641,86,120,0,12,24821612.939825,
21,1562423269,0.195000,48,108,2,1,21082832.213231,10,164,0,1,19369036.492844,20,132,0,1,20161051.689222,56,144,0,1,17842550.249336,55,176,0,1,19327993.485257,27,172,0,1,19694841.760365,33,152,0,1,18837881.433318,8,176,0,1,19438556.869003,49,164,0,1,19967077.276793,18,168,0,1,20643478.210126,64,132,0,12,23876596.153830,74,152,0,12,23214109.247075,11,140,0,1,21955482.079499,32,112,0,1,22921197.545968,68,136,0,12,21993000.525570,40,124,0,1,18768829.328414,47,152,0,1,20905163.089843,39,104,0,1,21936784.110628,80,104,0,12,25651749.009366,15,88,0,1,23106274.869419,86,120,0,12,24821672.759172,
21,1562423269,0.395000,48,108,2,1,21082778.641063,10,164,0,1,19369041.029901,20,132,0,1,20161129.447392,56,144,0,1,17842530.007083,55,176,0,1,19328098.221464,27,172,0,1,19694912.538448,33,152,0,1,18837777.430020,8,176,0,1,19438523.050481,49,164,0,1,19966940.397285,18,168,0,1,20643348.240904,64,132,0,12,23876510.543062,74,152,0,12,23214022.065787,11,140,0,1,21955336.125878,32,112,0,1,22921059.061040,68,136,0,12,21993022.861849,40,124,0,1,18768865.904071,47,152,0,1,20905246.083079,39,104,0,1,21936929.366240,80,104,0,12,25651705.523424,15,88,0,1,23106369.973105,86,120,0,12,24821731.601306,
21,1562423269,0.595000,48,108,2,1,21082725.836704,10,164,0,1,19369045.566958,20,132,0,1,20161207.205563,56,144,0,1,17842509.834632,55,176,0,1,19328203.062372,27,172,0,1,19694983.351432,33,152,0,1,18837673.287120,8,176,0,1,19438489.162158,49,164,0,1,19966803.622478,18,168,0,1,20643218.027379,64,132,0,12,23876425.071895,74,152,0,12,23213934.849599,11,140,0,1,21955190.137356,32,112,0,1,22920916.562562,68,136,0,12,21993045.442431,40,124,0,1,18768903.212636,47,152,0,1,20905328.936712,39,104,0,1,21937075.075558,80,104,0,12,25651662.665689,15,92,0,1,23106465.914402,86,120,0,12,24821792.711968,
21,1562423269,0.795000,48,108,2,1,21082672.753141,10,164,0,1,19369050.173815,20,132,0,1,20161285.208036,56,144,0,1,17842489.592379,55,176,0,1,19328308.007982,27,172,0,1,19695054.024814,33,152,0,1,18837569.179121,8,176,0,1,19438455.273835,49,164,0,1,19966666.882572,18,168,0,1,20643087.778954,64,132,0,12,23876339.356426,74,152,0,12,23213847.703212,11,140,0,1,21955044.288436,32,112,0,1,22920779.613253,68,136,0,12,21993067.953212,40,124,0,1,18768940.905107,47,152,0,1,20905411.860147,39,104,0,1,21937220.889578,80,108,0,12,25651619.319348,15,92,0,1,23106562.100003,86,120,0,12,24821852.775618,
21,1562423269,0.995000,48,108,2,1,21082619.564878,10,164,0,1,19369054.815573,20,136,0,1,20161363.036007,56,144,0,1,17842469.385027,55,176,0,1,19328412.918691,27,172,0,1,19695124.872698,33,152,0,1,18837465.071122,8,176,0,1,19438421.525114,49,164,0,1,19966530.072865,18,168,0,1,20642957.879533,64,132,0,12,23876253.675856,74,152,0,12,23213760.487024,11,136,0,1,21954898.439516,32,112,0,1,22920641.651831,68,136,0,12,21993090.603594,40,124,0,1,18768978.597577,47,152,0,1,20905494.888283,39,100,0,1,21937366.075389,80,108,0,12,25651576.740817,15,92,0,1,23106658.564806,86,120,0,12,24821917.201822,
21,1562423270,0.195000,48,108,0,1,21082566.620917,10,164,0,1,19369059.422430,20,136,0,1,20161440.794177,56,144,0,1,17842449.247476,55,176,0,1,19328517.759599,27,172,0,1,19695195.650781,33,152,0,1,18837361.102725,8,176,0,1,19438387.881094,49,164,0,1,19966393.437660,18,168,0,1,20642827.805610,64,132,0,12,23876168.274491,74,152,0,12,23213673.480238,11,136,0,1,21954752.520796,32,112,0,1,22920498.315743,68,136,0,12,21993113.184176,40,128,0,1,18769016.464549,47,152,0,1,20905577.916419,39,100,0,1,21937511.645106,80,108,0,12,25651532.801168,15,92,0,1,23106754.541004,86,120,0,12,24821978.870891,
21,1562423270,0.395000,48,108,0,1,21082515.142775,10,164,0,1,19369064.133989,20,136,0,1,20161518.622148,56,144,0,1,17842428.900522,55,176,0,1,19328622.565607,27,172,0,1,19695266.428864,33,152,0,1,18837257.029626,8,176,0,1,19438354.097473,49,164,0,1,19966256.662854,18,168,0,1,20642697.731687,64,132,0,12,23876082.873125,74,152,0,12,23213586.194249,11,136,0,1,21954606.532274,32,112,0,1,22920362.797352,68,136,0,12,21993135.834559,40,124,0,1,18769052.865704,47,152,0,1,20905660.804953,39,100,0,1,21937656.761117,80,104,0,12,25651489.838732,15,92,0,1,23106849.854093,86,120,0,12,24822043.087692,
21,1562423270,0.595000,48,108,0,1,21082462.443117,10,148,0,1,19369068.671046,20,120,0,1,20161596.554821,56,116,0,1,17842408.937473,55,152,0,1,19328727.336714,27,152,0,1,19695337.102246,33,132,0,1,18837152.956528,8,160,0,1,19438320.418553,49,140,0,1,19966119.783346,18,148,0,1,20642567.657764,64,116,0,12,23875997.262357,74,132,0,12,23213498.838459,11,120,0,1,21954460.473952,32,108,0,1,22920224.172822,68,120,0,12,21993158.519842,40,104,0,1,18769090.104468,47,132,0,1,20905743.798189,39,96,0,1,21937801.597924,80,104,0,12,25651446.562192,15,88,0,1,23106945.306784,86,92,0,12,24822102.872138,
21,1562423270,0.795000,48,104,0,1,21082410.022663,10,152,0,1,19369073.452405,20,124,0,1,20161674.417692,56,116,0,1,17842390.754346,55,152,0,1,19328832.247423,27,156,0,1,19695407.880329,33,128,0,1,18837048.988131,8,160,0,1,19438286.634931,49,140,0,1,19965983.078340,18,148,0,1,20642437.548941,64,120,0,12,23875911.267684,74,132,0,12,23213411.936374,11,120,0,1,21954314.345828,32,108,0,1,22920083.907972,68,120,0,12,21993180.751419,40,104,0,1,18769127.692237,47,128,0,1,20905826.686723,39,96,0,1,21937947.132740,80,104,0,12,25651403.878960,15,92,0,1,23107041.841389,86,96,0,12,24822160.388056,
21,1562423270,0.995000,48,104,0,1,21082356.834400,10,148,0,1,19369078.163964,20,120,0,1,20161752.315464,56,116,0,1,17842371.559106,55,152,0,1,19328937.123231,27,156,0,1,19695478.728213,33,128,0,1,18836944.949932,8,160,0,1,19438252.956011,49,140,0,1,19965846.338434,18,148,0,1,20642307.544819,64,116,0,12,23875825.656916,74,132,0,12,23213324.755087,11,120,0,1,21954168.043203,32,108,0,1,22919942.316905,68,120,0,12,21993203.157499,40,104,0,1,18769166.850526,47,132,0,1,20905909.749760,39,92,0,1,21938092.981660,80,100,0,12,25651360.462818,15,96,0,1,23107139.772011,86,96,0,12,24822221.045013,
21,1562423271,0.195000,48,100,0,1,21082304.379045,10,148,0,1,19369082.735921,20,120,0,1,20161830.387739,56,116,0,1,17842352.747772,55,152,0,1,19329042.103741,27,152,0,1,19695549.680798,33,128,0,1,18836840.911734,8,160,0,1,19438219.277091,49,140,0,1,19965709.703229,18,148,0,1,20642177.505796,64,116,0,12,23875739.138736,74,132,0,12,23213237.748301,11,120,0,1,21954021.531175,32,108,0,1,22919801.388947,68,120,0,12,21993223.644054,40,104,0,1,18769204.019490,47,128,0,1,20905992.952398,39,92,0,1,21938238.272172,80,100,0,12,25651318.093689,15,100,0,1,23107236.201914,86,96,0,12,24822283.167788,
21,1562423271,0.395000,48,100,0,1,21082250.911578,10,148,0,1,19369087.517281,20,120,0,1,20161908.320411,56,116,0,1,17842332.086714,55,152,0,1,19329147.014450,27,152,0,1,19695620.423981,33,128,0,1,18836736.978237,8,160,0,1,19438185.563270,49,140,0,1,19965572.963323,18,152,0,1,20642047.606375,64,116,0,12,23875651.748046,74,132,0,12,23213150.671714,11,120,0,1,21953874.530540,32,104,0,1,22919661.473101,68,120,0,12,21993247.934757,40,104,0,1,18769241.258254,47,128,0,1,20906075.980534,39,88,0,1,21938384.435196,80,96,0,12,25651274.014439,15,100,0,1,23107332.457315,86,96,0,12,24822341.695818,
21,1562423271,0.595000,48,96,0,1,21082199.084431,10,148,0,1,19369092.298641,20,120,0,1,20161986.253083,56,116,0,1,17842306.993301,55,152,0,1,19329251.960060,27,152,0,1,19695691.202064,33,128,0,1,18836632.940039,8,160,0,1,19438152.058852,49,140,0,1,19965436.083815,18,148,0,1,20641917.392850,64,116,0,12,23875565.543970,74,132,0,12,23213063.595128,11,116,0,1,21953728.088313,32,104,0,1,22919521.487454,68,120,0,12,21993267.932707,40,104,0,1,18769279.229928,47,128,0,1,20906159.148272,39,88,0,1,21938529.865311,80,96,0,12,25651230.353995,15,100,0,1,23107427.910006,86,96,0,12,24822398.862732,
21,1562423271,0.795000,48,96,0,1,21082145.372661,10,148,0,1,19369097.149801,20,116,0,1,20162064.150855,56,116,0,1,17842285.738936,55,152,0,1,19329356.940570,27,152,0,1,19695762.015048,33,128,0,1,18836528.901841,8,160,0,1,19438118.519533,49,140,0,1,19965299.448610,18,148,0,1,20641787.388728,64,116,0,12,23875481.084916,74,132,0,12,23212976.239338,11,116,0,1,21953581.401783,32,100,0,1,22919380.733998,68,120,0,12,21993291.315999,40,100,0,1,18769316.503593,47,128,0,1,20906242.141507,39,88,0,1,21938674.911521,80,92,0,12,25651187.251957,15,104,0,1,23107524.933217,86,100,0,12,24822458.786779,
21,1562423271,0.995000,48,96,0,1,21082091.102484,10,148,0,1,19369102.000962,20,116,0,1,20162142.327831,56,116,0,1,17842267.276605,55,148,0,1,19329461.781478,27,152,0,1,19695832.758231,33,128,0,1,18836424.898543,8,160,0,1,19438084.770812,49,136,0,1,19965162.778504,18,148,0,1,20641657.245004,64,116,0,12,23875395.334546,74,128,0,12,23212889.092950,11,116,0,1,21953434.191746,32,100,0,1,22919238.828827,68,120,0,12,21993314.350286,40,104,0,1,18769354.440367,47,124,0,1,20906325.099842,39,84,0,1,21938820.167133,80,88,0,12,25651143.347209,15,104,0,1,23107621.886626,86,100,0,12,24822516.861104,
21,1562423272,0.195000,48,96,0,1,21082038.158523,10,168,0,1,19369106.607819,20,132,0,1,20162220.365205,56,136,0,1,17842244.277218,55,180,0,1,19329566.692187,27,172,0,1,19695903.606115,33,148,0,1,18836320.930146,8,184,0,1,19438051.161693,49,156,0,1,19965026.038598,18,172,0,1,20641527.240882,64,136,0,12,23875309.549276,74,144,0,12,23212802.121065,11,136,0,1,21953285.376289,32,104,0,1,22919099.017683,68,136,0,12,21993338.431587,40,124,0,1,18769393.633556,47,148,0,1,20906408.127978,39,84,0,1,21938964.759637,80,92,0,12,25651099.442461,15,128,0,1,23107717.932625,86,104,0,12,24822576.610650,
21,1562423272,0.395000,48,100,0,1,21081985.493766,10,168,0,1,19369111.319378,20,136,0,1,20162300.601306,56,136,0,1,17842222.883251,55,184,0,1,19329671.672697,27,172,0,1,19695974.279496,33,152,0,1,18836216.752346,8,184,0,1,19438017.622374,49,160,0,1,19964889.333592,18,172,0,1,20641397.166959,64,136,0,12,23875217.272524,74,144,0,12,23212714.730375,11,136,0,1,21953139.527369,32,104,0,1,22918958.403828,68,136,0,12,21993362.128982,40,132,3,1,18769432.547541,47,152,0,1,20906491.086313,39,88,0,1,21939109.980349,80,92,0,12,25651055.537713,15,128,3,1,23107813.769221,86,104,0,12,24822637.860914,
21,1562423272,0.595000,48,100,0,1,21081932.480005,10,168,0,1,19369115.996036,20,136,0,1,20162378.464177,56,140,0,1,17842202.920202,55,180,0,1,19329776.688107,27,172,0,1,19696045.057580,33,152,0,1,18836112.853750,8,184,0,1,19437984.187757,49,160,0,1,19964752.488985,18,172,0,1,20641267.302439,64,136,0,12,23875134.802795,74,148,0,12,23212627.339684,11,136,0,1,21952993.399246,32,108,0,1,22918818.104077,68,140,0,12,21993384.325659,40,132,2,1,18769467.727180,47,152,0,1,20906574.184250,39,80,0,1,21939255.375564,80,96,0,12,25651010.900056,15,128,2,1,23107910.722630,86,108,0,12,24822698.343369,
21,1562423272,0.795000,48,104,0,1,21081880.513256,10,168,0,1,19369120.847197,20,136,0,1,20162458.455975,56,140,0,1,17842183.375958,55,180,0,1,19329881.703518,27,172,0,1,19696115.870563,33,152,0,1,18836008.850452,8,188,0,1,19437950.718240,49,160,0,1,19964615.714178,18,172,0,1,20641137.437918,64,136,0,12,23875055.334504,74,148,0,12,23212540.088596,11,140,0,1,21952849.085945,32,104,0,1,22918675.640500,68,140,0,12,21993408.337159,40,132,2,1,18769505.140447,47,152,0,1,20906657.282187,39,80,0,1,21939400.037869,80,92,0,12,25650967.763118,15,128,2,1,23108005.302810,86,108,0,12,24822754.777373,
21,1562423272,0.995000,48,104,3,1,21081827.185391,10,168,0,1,19369125.523855,20,136,0,1,20162534.050319,56,140,0,1,17842161.144381,55,180,0,1,19329986.579326,27,172,0,1,19696186.648646,33,152,0,1,18835904.637752,8,188,0,1,19437916.969519,49,160,0,1,19964478.869571,18,172,0,1,20641007.329095,64,136,0,12,23874966.861900,74,148,0,12,23212453.012009,11,140,0,1,21952703.306826,32,108,0,1,22918533.840030,68,140,0,12,21993428.753914,40,132,2,1,18769541.018095,47,152,0,1,20906740.415024,39,76,0,1,21939544.665273,80,92,0,12,25650922.985859,15,124,2,1,23108100.720601,86,112,0,12,24822821.507005,
21,1562423273,0.195000,48,104,2,1,21081774.276330,10,168,0,1,19369130.409916,20,136,0,1,20162612.471597,56,140,0,1,17842142.158544,55,180,0,1,19330091.559836,27,172,0,1,19696257.496530,33,152,0,1,18835800.599553,8,184,0,1,19437883.360399,49,160,0,1,19964342.164565,18,172,0,1,20640877.324973,64,136,0,12,23874880.099417,74,156,0,12,23212365.935423,11,144,0,1,21952559.342530,32,108,0,1,22918391.271752,68,140,0,12,21993457.302470,40,136,2,1,18769580.420686,47,152,0,1,20906823.478061,39,72,0,1,21939690.095388,80,96,0,12,25650878.208601,15,124,2,1,23108195.894089,86,112,0,12,24822881.605555,
21,1562423273,0.395000,48,104,2,1,21081720.180655,10,168,0,1,19369134.912072,20,140,0,1,20162692.672798,56,140,0,1,17842122.963304,55,180,0,1,19330196.400744,27,172,0,1,19696328.379315,33,152,0,1,18835696.491554,8,184,0,1,19437849.716379,49,160,0,1,19964205.389758,18,172,0,1,20640747.076547,64,136,0,12,23874793.022831,74,156,0,12,23212278.614533,11,152,0,1,21952412.586199,32,108,0,1,22918249.331680,68,140,0,12,21993473.217068,40,136,2,1,18769620.346784,47,152,0,1,20906906.575998,39,72,0,1,21939834.583191,80,96,0,12,25650835.560268,15,120,2,1,23108291.486381,86,112,0,12,24822933.013897,
21,1562423273,0.595000,48,108,2,1,21081667.201794,10,168,0,1,19369139.728332,20,140,0,1,20162768.336942,56,140,0,1,17842104.710377,55,180,0,1,19330301.381254,27,172,0,1,19696399.157398,33,152,0,1,18835592.418456,8,184,0,1,19437816.002559,49,160,0,1,19964068.614952,18,168,0,1,20640616.793222,64,136,0,12,23874710.343699,74,156,0,12,23212191.503046,11,152,0,1,21952267.400387,32,108,0,1,22918106.798302,68,140,0,12,21993496.076854,40,136,2,1,18769657.445947,47,152,0,1,20906989.604134,39,68,0,1,21939980.013306,80,100,0,12,25650791.725321,15,100,2,1,23108381.459704,86,112,0,12,24822997.963607,
21,1562423273,0.795000,48,108,2,1,21081614.188033,10,168,0,1,19369144.439891,20,140,0,1,20162845.885710,56,140,0,1,17842083.700315,55,180,0,1,19330406.361764,27,172,0,1,19696469.726079,33,152,0,1,18835488.519859,8,184,0,1,19437782.498141,49,156,0,1,19963931.805245,18,168,0,1,20640486.719299,64,136,0,12,23874625.849745,74,152,0,12,23212104.391559,11,152,0,1,21952121.760870,32,108,0,1,22917965.346837,68,140,0,12,21993520.891063,40,136,2,1,18769693.428296,47,152,0,1,20907072.876573,39,68,0,1,21940125.024615,80,100,0,12,25650748.309180,15,100,2,1,23108472.759243,86,116,0,12,24823053.280797,
21,1562423273,0.995000,48,108,2,1,21081561.872280,10,168,0,1,19369149.221251,20,140,0,1,20162925.319101,56,144,0,1,17842064.714478,55,180,0,1,19330511.272473,27,172,0,1,19696540.573963,33,152,0,1,18835384.551462,8,184,0,1,19437748.819220,49,156,0,1,19963795.030438,18,172,0,1,20640356.470874,64,136,0,12,23874536.295227,74,152,0,12,23212017.280072,11,152,0,1,21951978.320080,32,108,0,1,22917822.743658,68,140,0,12,21993541.691723,40,140,2,1,18769734.785312,47,152,0,1,20907155.834908,39,68,0,1,21940270.350028,80,100,0,12,25650705.311843,15,100,2,1,23108564.966194,86,116,0,12,24823122.383660,
21,1562423274,0.195000,48,108,3,1,21081509.242423,10,168,0,1,19369153.932810,20,140,0,1,20163001.890656,56,144,0,1,17842045.030632,55,180,0,1,19330616.078481,27,172,0,1,19696611.456747,33,152,0,1,18835280.617965,8,184,0,1,19437715.245001,49,156,0,1,19963658.220731,18,172,0,1,20640226.396950,64,136,0,12,23874449.428043,74,152,0,12,23211929.994083,11,152,0,1,21951827.445497,32,108,0,1,22917681.327093,68,140,0,12,21993563.713898,40,140,2,1,18769773.908701,47,152,0,1,20907238.967745,39,68,0,1,21940416.024446,80,100,0,12,25650660.674186,15,100,2,1,23108659.616175,86,116,0,12,24823179.690175,
21,1562423274,0.395000,48,108,2,1,21081456.438065,10,168,0,1,19369158.609468,20,140,0,1,20163079.160220,56,140,0,1,17842025.591090,55,180,0,1,19330720.814688,27,172,0,1,19696682.165029,33,152,0,1,18835176.614668,8,184,0,1,19437681.531181,49,156,0,1,19963521.655327,18,172,0,1,20640096.218326,64,136,0,12,23874369.017440,74,152,0,12,23211842.742994,11,148,0,1,21951683.969807,32,108,0,1,22917538.758814,68,140,0,12,21993588.493207,40,136,2,1,18769810.938063,47,152,0,1,20907322.065682,39,68,0,1,21940560.791452,80,104,0,12,25650617.223144,15,104,2,1,23108755.278268,86,116,0,12,24823240.312231,
21,1562423274,0.595000,48,112,2,1,21081404.366615,10,168,0,1,19369163.390828,20,136,0,1,20163158.035205,56,140,0,1,17842004.092421,55,180,0,1,19330825.690497,27,172,0,1,19696752.908212,33,152,0,1,18835072.576469,8,184,0,1,19437647.712659,49,156,0,1,19963384.810719,18,172,0,1,20639966.214204,64,136,0,12,23874284.244282,74,152,0,12,23211755.596607,11,148,0,1,21951540.703519,32,104,0,1,22917397.935557,68,140,0,12,21993609.328767,40,136,2,1,18769845.663996,47,152,0,1,20907405.093818,39,64,0,1,21940706.151766,80,104,0,12,25650573.981504,15,108,2,1,23108854.116302,86,120,0,12,24823297.653647,
21,1562423274,0.795000,48,112,2,1,21081352.260265,10,168,0,1,19369168.137287,20,136,0,1,20163233.908751,56,140,0,1,17841986.118697,55,180,0,1,19330930.601206,27,172,0,1,19696823.790996,33,152,0,1,18834968.573172,8,184,0,1,19437613.963938,49,156,0,1,19963247.966112,18,172,0,1,20639836.175181,64,136,0,12,23874195.806579,74,152,0,12,23211668.450220,11,148,0,1,21951395.622409,32,104,0,1,22917257.042499,68,140,0,12,21993632.746959,40,136,2,1,18769883.251765,47,148,0,1,20907488.191755,39,64,0,1,21940851.407379,80,104,0,12,25650531.333172,15,108,2,1,23108949.883097,86,120,0,12,24823350.807010,
21,1562423274,0.995000,48,116,2,1,21081298.827698,10,168,0,1,19369172.883746,20,136,0,1,20163313.970350,56,144,0,1,17841966.818756,55,180,0,1,19331035.546815,27,172,0,1,19696894.603980,33,152,0,1,18834864.430272,8,184,0,1,19437580.110515,49,156,0,1,19963111.051703,18,172,0,1,20639706.136159,64,136,0,12,23874109.462901,74,152,0,12,23211581.583036,11,148,0,1,21951246.457948,32,108,0,1,22917117.789761,68,140,0,12,21993656.095350,40,136,2,1,18769918.466304,47,148,0,1,20907571.150090,39,72,0,1,21940996.139484,80,104,0,12,25650488.196234,15,112,2,1,23109046.836506,86,120,0,12,24823422.143500,
21,1562423275,0.195000,48,116,2,1,21081246.686447,10,168,0,1,19369177.769807,20,140,0,1,20163390.367404,56,144,0,1,17841946.192599,55,180,0,1,19331140.492425,27,172,0,1,19696965.521665,33,148,0,1,18834760.426974,8,184,0,1,19437546.326894,49,156,0,1,19962974.346698,18,172,0,1,20639576.062236,64,136,0,12,23874027.621380,74,156,0,12,23211494.541350,11,144,0,1,21951102.633253,32,108,0,1,22916977.873916,68,140,0,12,21993677.873222,40,136,2,1,18769956.368177,47,148,0,1,20907654.213127,39,76,0,1,21941141.883703,80,104,0,12,25650444.186785,15,116,2,1,23109144.069120,86,120,0,12,24823479.135911,
21,1562423275,0.395000,48,116,2,1,21081194.754599,10,168,0,1,19369182.481366,20,136,0,1,20163470.045098,56,144,0,1,17841925.880545,55,180,0,1,19331245.438034,27,172,0,1,19697036.334649,33,148,0,1,18834656.493478,8,184,0,1,19437512.682874,49,156,0,1,19962837.536991,18,172,0,1,20639446.127914,64,136,0,12,23873942.254915,74,152,0,12,23211407.394962,11,144,0,1,21950954.271502,32,104,0,1,22916837.329862,68,140,0,12,21993700.733007,40,136,2,1,18769994.479453,47,148,0,1,20907737.206362,39,84,0,1,21941287.418519,80,104,0,12,25650400.770643,15,116,2,1,23109237.078780,86,116,0,12,24823537.280037,
21,1562423275,0.595000,48,120,2,1,21081139.437409,10,168,0,1,19369187.018423,20,136,0,1,20163549.164385,56,144,0,1,17841905.463791,55,180,0,1,19331350.278942,27,176,0,1,19697107.357035,33,148,0,1,18834552.525080,8,184,0,1,19437479.038854,49,156,0,1,19962700.622582,18,172,0,1,20639316.088892,64,136,0,12,23873856.330043,74,152,0,12,23211320.074073,11,140,0,1,21950808.911188,32,108,0,1,22916697.030111,68,140,0,12,21993725.861321,40,136,2,1,18770032.102122,47,148,0,1,20907820.234498,39,88,0,1,21941432.883534,80,100,0,12,25650359.064623,15,116,2,1,23109333.648285,86,116,0,12,24823595.424162,
21,1562423275,0.795000,48,120,2,1,21081088.098869,10,168,0,1,19369191.625280,20,136,0,1,20163627.306460,56,144,0,1,17841885.186638,55,180,0,1,19331455.224552,27,176,0,1,19697178.344521,33,148,0,1,18834448.556683,8,184,0,1,19437445.325033,49,156,0,1,19962563.882676,18,172,0,1,20639186.189471,64,132,0,12,23873770.300469,74,152,0,12,23211232.822984,11,140,0,1,21950665.993905,32,108,0,1,22916556.137053,68,140,0,12,21993749.698318,40,136,2,1,18770070.667103,47,148,0,1,20907903.367335,39,92,0,1,21941579.465363,80,100,0,12,25650317.847208,15,120,2,1,23109430.706396,86,116,0,12,24823658.314747,
21,1562423275,0.995000,48,120,2,1,21081035.503912,10,168,0,1,19369196.301938,20,136,0,1,20163705.657938,56,144,0,1,17841865.467892,55,180,0,1,19331560.100360,27,176,0,1,19697248.983002,33,148,0,1,18834344.413784,8,184,0,1,19437411.576312,49,160,0,1,19962427.177670,18,172,0,1,20639056.359851,64,132,0,12,23873683.747389,74,152,0,12,23211145.536995,11,140,0,1,21950518.469764,32,108,0,1,22916418.036030,68,140,0,12,21993771.057385,40,136,2,1,18770107.836067,47,148,0,1,20907986.395471,39,92,0,1,21941724.162569,80,100,1,12,25650273.977361,15,120,2,1,23109525.461079,86,116,0,12,24823727.731713,
21,1562423276,0.195000,48,124,2,1,21080984.968082,10,168,0,1,19369200.908796,20,136,0,1,20163783.520809,56,144,0,1,17841845.749145,55,180,0,1,19331665.115771,27,176,0,1,19697319.726185,33,148,0,1,18834240.584988,8,184,0,1,19437378.141695,49,160,0,1,19962290.437764,18,172,0,1,20638926.285928,64,132,0,12,23873599.113833,74,152,0,12,23211058.390607,11,140,0,1,21950372.551044,32,108,0,1,22916278.469189,68,140,0,12,21993790.217724,40,136,2,1,18770146.366148,47,148,0,1,20908069.702811,39,92,0,1,21941869.906787,80,100,0,12,25650231.608232,15,120,2,1,23109623.915207,86,112,0,12,24823781.548185,
21,1562423276,0.395000,48,124,2,1,21080934.153048,10,168,0,1,19369205.864658,20,136,0,1,20163861.976988,56,144,0,1,17841826.414304,55,180,0,1,19331770.026480,27,172,0,1,19697390.748571,33,152,0,1,18834136.546790,8,184,0,1,19437344.707078,49,160,0,1,19962153.662957,18,172,0,1,20638796.246905,64,132,0,12,23873515.980996,74,152,0,12,23210971.244220,11,136,0,1,21950225.794712,32,108,0,1,22916138.064737,68,136,0,12,21993814.264124,40,136,2,1,18770183.674714,47,152,0,1,20908152.870549,39,92,0,1,21942015.092599,80,100,0,12,25650187.354480,15,120,2,1,23109719.996106,86,112,0,12,24823835.364656,
21,1562423276,0.595000,48,124,2,1,21080882.919208,10,168,0,1,19369210.541316,20,136,0,1,20163937.990137,56,144,0,1,17841805.404242,55,180,0,1,19331874.867388,27,172,0,1,19697461.736057,33,152,0,1,18834032.578393,8,184,0,1,19437311.132859,49,160,0,1,19962016.853250,18,172,0,1,20638666.103182,64,132,0,12,23873429.253414,74,152,0,12,23210884.132733,11,136,0,1,21950080.329697,32,108,0,1,22915997.066977,68,140,0,12,21993837.961520,40,136,2,1,18770220.459772,47,152,0,1,20908236.108087,39,92,0,1,21942159.231397,80,100,0,12,25650144.566546,15,120,2,1,23109816.251507,86,112,0,12,24823897.208228,
21,1562423276,0.795000,48,124,2,1,21080830.463854,10,168,0,1,19369215.322676,20,136,0,1,20164015.818108,56,144,0,1,17841783.940474,55,180,0,1,19331979.673396,27,172,0,1,19697532.583941,33,152,0,1,18833928.819398,8,184,0,1,19437277.453939,49,160,0,1,19961880.183145,18,172,0,1,20638536.168860,64,132,0,12,23873342.805035,74,152,0,12,23210797.195748,11,136,0,1,21949935.806994,32,108,0,1,22915857.395434,68,140,0,12,21993859.809192,40,136,2,1,18770258.431446,47,148,0,1,20908319.240925,39,92,0,1,21942303.754101,80,100,0,12,25650101.185305,15,120,2,1,23109912.576709,86,112,0,12,24823959.749808,
21,1562423276,0.995000,48,124,2,1,21080776.088975,10,168,0,1,19369219.999334,20,136,0,1,20164092.494365,56,144,0,1,17841764.047226,55,180,0,1,19332084.619005,27,176,0,1,19697603.466725,33,152,0,1,18833824.711399,8,184,0,1,19437243.844819,49,160,0,1,19961743.547940,18,172,0,1,20638405.990236,64,132,0,12,23873255.833150,74,152,0,12,23210710.014460,11,136,0,1,21949790.935286,32,112,0,1,22915716.746679,68,140,0,12,21993881.796467,40,136,2,1,18770295.565510,47,148,0,1,20908402.303961,39,92,0,1,21942448.521107,80,100,0,12,25650058.362471,15,120,2,1,23110007.087088,86,112,0,12,24824021.383977,
21,1562423277,0.195000,48,124,2,1,21080723.982625,10,168,0,1,19369225.094798,20,136,0,1,20164171.683453,56,144,0,1,17841744.328480,55,180,0,1,19332189.669316,27,176,0,1,19697674.489111,33,152,0,1,18833720.882603,8,184,0,1,19437210.445103,49,164,0,1,19961606.842934,18,172,0,1,20638275.706910,64,132,0,12,23873169.314971,74,152,0,12,23210622.868073,11,136,0,1,21949644.144055,32,112,0,1,22915578.331552,68,136,0,12,21993904.516650,40,140,2,1,18770334.758699,47,148,0,1,20908485.227396,39,92,0,1,21942593.951222,80,100,0,12,25650015.644338,15,120,2,1,23110102.225675,86,112,0,12,24824085.775281,
21,1562423277,0.395000,48,124,2,1,21080669.223842,10,168,0,1,19369229.911058,20,136,0,1,20164251.500749,56,144,0,1,17841723.178816,55,180,0,1,19332294.719627,27,176,0,1,19697745.476597,33,152,0,1,18833616.949106,8,184,0,1,19437177.080286,49,164,0,1,19961470.103028,18,172,0,1,20638145.667888,64,132,0,12,23873085.344523,74,152,0,12,23210535.896188,11,136,0,1,21949497.701827,32,112,0,1,22915438.485507,68,136,0,12,21993927.934842,40,140,2,1,18770373.079377,47,148,0,1,20908568.360233,39,92,0,1,21942738.369224,80,100,0,12,25649971.669789,15,120,2,1,23110199.667691,86,112,0,12,24824146.711441,
21,1562423277,0.595000,48,124,2,1,21080620.433033,10,168,0,1,19369234.692417,20,136,0,1,20164329.503222,56,144,0,1,17841703.355369,55,180,0,1,19332399.595435,27,172,0,1,19697816.498983,33,152,0,1,18833512.980709,8,184,0,1,19437143.366466,49,164,0,1,19961333.363122,18,172,0,1,20638015.593965,64,132,0,12,23873000.292162,74,152,0,12,23210448.714900,11,136,0,1,21949352.271713,32,112,0,1,22915299.232770,68,140,0,12,21993949.957017,40,140,2,1,18770410.806748,47,148,0,1,20908651.493070,39,88,0,1,21942883.066429,80,96,0,12,25649928.009344,15,120,2,1,23110295.888192,86,112,0,12,24824208.589913,
21,1562423277,0.795000,48,124,2,1,21080570.316008,10,168,0,1,19369239.473777,20,136,0,1,20164408.064102,56,144,0,1,17841684.160129,55,180,0,1,19332504.645746,27,172,0,1,19697887.486469,33,152,0,1,18833409.151914,8,184,0,1,19437109.862048,49,164,0,1,19961196.693016,18,172,0,1,20637885.380440,64,132,0,12,23872914.995497,74,152,0,12,23210361.568513,11,140,0,1,21949206.771797,32,112,0,1,22915159.945132,68,140,0,12,21993973.375209,40,140,2,1,18770448.359616,47,148,0,1,20908734.660808,39,88,0,1,21943028.252241,80,96,0,12,25649884.383800,15,120,2,1,23110395.389333,86,112,0,12,24824267.397147,
21,1562423277,0.995000,48,124,2,1,21080515.627025,10,168,0,1,19369244.359838,20,136,0,1,20164485.822272,56,144,0,1,17841664.406483,55,180,0,1,19332609.696057,27,172,0,1,19697958.508855,33,152,0,1,18833305.253317,8,184,0,1,19437076.392530,49,164,0,1,19961060.022911,18,172,0,1,20637755.306517,64,132,0,12,23872830.396842,74,152,0,12,23210274.596627,11,140,0,1,21949061.236981,32,112,0,1,22915020.482992,68,140,0,12,21993995.222882,40,136,2,1,18770485.354078,47,148,0,1,20908817.828546,39,88,0,1,21943173.717256,80,96,0,12,25649841.351563,15,120,2,1,23110492.901150,86,112,0,12,24824324.424458,
21,1562423278,0.195000,48,124,2,1,21080461.077645,10,168,0,1,19369249.210999,20,136,0,1,20164562.812633,56,144,0,1,17841644.548135,55,180,0,1,19332714.711467,27,172,0,1,19698029.531241,33,152,0,1,18833201.389621,8,184,0,1,19437042.957913,49,164,0,1,19960923.248104,18,172,0,1,20637625.267494,64,132,0,12,23872744.855874,74,152,0,12,23210187.589842,11,140,0,1,21948915.422962,32,116,0,1,22914881.649059,68,140,0,12,21994018.361871,40,136,2,1,18770521.929734,47,148,0,1,20908900.961383,39,88,0,1,21943318.798366,80,96,0,12,25649797.726019,15,124,2,1,23110586.678620,86,112,0,12,24824382.324281,
21,1562423278,0.395000,48,124,2,1,21080410.855918,10,168,0,1,19369254.131960,20,136,0,1,20164641.722518,56,144,0,1,17841625.283095,55,176,0,1,19332819.657077,27,172,0,1,19698100.414026,33,152,0,1,18833097.456124,8,184,0,1,19437009.348793,49,164,0,1,19960786.368597,18,172,0,1,20637495.228472,64,132,0,12,23872659.489409,74,152,0,12,23210100.338753,11,140,0,1,21948769.713644,32,116,0,1,22914741.977517,68,140,0,12,21994041.082054,40,136,2,1,18770558.749694,47,148,0,1,20908983.954619,39,88,0,1,21943463.390870,80,96,0,12,25649753.472266,15,124,2,1,23110682.654818,86,112,0,12,24824442.178528,
21,1562423278,0.595000,48,124,2,1,21080354.875620,10,168,0,1,19369259.087822,20,136,0,1,20164719.794792,56,144,0,1,17841604.203232,55,176,0,1,19332924.567786,27,172,0,1,19698171.157209,33,152,0,1,18832993.627329,8,184,0,1,19436975.949077,49,164,0,1,19960649.803193,18,172,0,1,20637365.154549,64,132,0,12,23872574.506849,74,152,0,12,23210013.087664,11,140,0,1,21948624.178828,32,116,0,1,22914601.922069,68,140,0,12,21994063.348532,40,136,2,1,18770596.162960,47,148,0,1,20909067.157257,39,92,0,1,21943608.960587,80,96,0,12,25649709.742021,15,124,2,1,23110781.527752,86,112,0,12,24824500.462255,
21,1562423278,0.795000,48,124,2,1,21080304.828395,10,168,0,1,19369263.973883,20,136,0,1,20164797.587863,56,144,0,1,17841583.856278,55,180,0,1,19333029.687898,27,172,0,1,19698242.109794,33,152,0,1,18832889.693832,8,184,0,1,19436942.409758,49,164,0,1,19960513.133087,18,172,0,1,20637235.115526,64,132,0,12,23872488.477275,74,152,0,12,23209925.976177,11,140,0,1,21948477.946003,32,116,0,1,22914463.367340,68,140,0,12,21994086.103616,40,136,2,1,18770633.576227,47,148,0,1,20909150.359895,39,92,0,1,21943753.936996,80,96,0,12,25649665.139264,15,124,2,1,23110877.957655,86,112,0,12,24824557.524467,
21,1562423278,0.995000,48,124,2,1,21080251.779733,10,168,0,1,19369268.720342,20,136,0,1,20164876.044042,56,144,0,1,17841563.718726,55,180,0,1,19333134.633507,27,172,0,1,19698312.957678,33,152,0,1,18832785.934837,8,184,0,1,19436908.870440,49,164,0,1,19960376.428081,18,172,0,1,20637105.006703,64,132,0,12,23872402.831607,74,152,0,12,23209838.725089,11,140,0,1,21948331.503776,32,116,0,1,22914322.544083,68,140,0,12,21994108.579496,40,136,2,1,18770671.198897,47,148,0,1,20909233.562533,39,92,0,1,21943899.332210,80,92,0,12,25649620.641209,15,124,2,1,23110974.666761,86,112,0,12,24824611.724843,
21,1562423279,0.195000,48,124,2,1,21080196.811547,10,168,0,1,19369273.431901,20,136,0,1,20164954.116316,56,144,0,1,17841543.650976,55,180,0,1,19333239.718718,27,172,0,1,19698384.014965,33,152,0,1,18832682.001340,8,184,0,1,19436875.366022,49,164,0,1,19960239.723076,18,172,0,1,20636974.967680,64,132,0,12,23872317.988648,74,152,0,12,23209751.543801,11,140,0,1,21948185.166250,32,116,0,1,22914184.373259,68,140,0,12,21994131.264779,40,136,2,1,18770708.472562,47,152,0,1,20909316.765172,39,92,0,1,21944044.099216,80,92,0,12,25649576.701561,15,124,2,1,23111069.107340,86,112,0,12,24824671.264986,
21,1562423279,0.395000,48,124,2,1,21080143.588383,10,168,0,1,19369278.143460,20,136,0,1,20165031.699984,56,144,0,1,17841523.967130,55,176,0,1,19333344.838830,27,172,0,1,19698454.827948,33,152,0,1,18832578.347047,8,184,0,1,19436841.756902,49,164,0,1,19960102.913369,18,168,0,1,20636844.928657,64,132,0,12,23872231.993975,74,152,0,12,23209664.397414,11,140,0,1,21948039.666334,32,116,0,1,22914047.563552,68,140,0,12,21994153.705759,40,136,2,1,18770746.479136,47,152,0,1,20909400.107411,39,92,0,1,21944188.936023,80,92,0,12,25649533.110917,15,124,2,1,23111165.118438,86,112,0,12,24824734.085770,
21,1562423279,0.595000,48,124,2,1,21080088.969202,10,168,0,1,19369283.099321,20,136,0,1,20165109.074249,56,144,0,1,17841503.759778,55,176,0,1,19333449.714639,27,172,0,1,19698525.710733,33,152,0,1,18832474.518251,8,184,0,1,19436808.147783,49,164,0,1,19959966.243263,18,168,0,1,20636714.854734,64,132,0,12,23872146.104003,74,152,0,12,23209577.565130,11,140,0,1,21947893.224107,32,116,0,1,22913908.345715,68,136,0,12,21994176.146739,40,136,2,1,18770784.485710,47,152,0,1,20909483.205348,39,92,0,1,21944333.423826,80,92,0,12,25649488.647762,15,124,2,1,23111263.851770,86,112,0,12,24824795.545437,
21,1562423279,0.795000,48,128,2,1,21080036.793051,10,168,0,1,19369288.020283,20,136,0,1,20165187.146523,56,144,0,1,17841484.075933,55,176,0,1,19333554.625348,27,172,0,1,19698596.663318,33,152,0,1,18832370.689456,8,184,0,1,19436774.399062,49,164,0,1,19959829.747660,18,168,0,1,20636584.815712,64,132,0,12,23872060.528135,74,152,0,12,23209490.348942,11,140,0,1,21947747.444988,32,120,0,1,22913771.954813,68,136,0,12,21994198.692421,40,136,2,1,18770822.492285,47,152,0,1,20909566.442887,39,92,0,1,21944478.714339,80,92,0,12,25649445.720226,15,128,2,1,23111360.351474,86,112,0,12,24824857.214506,
21,1562423279,0.995000,48,128,2,1,21079983.430285,10,168,0,1,19369293.011045,20,136,0,1,20165265.288598,56,144,0,1,17841463.833680,55,176,0,1,19333659.570957,27,172,0,1,19698667.720605,33,152,0,1,18832266.860660,8,184,0,1,19436740.685241,49,164,0,1,19959693.007754,18,168,0,1,20636454.671988,64,132,0,12,23871974.812666,74,152,0,12,23209403.237455,11,140,0,1,21947601.281964,32,120,0,1,22913636.401521,68,136,0,12,21994221.552206,40,136,2,1,18770860.289456,47,152,0,1,20909649.680426,39,92,0,1,21944624.318956,80,92,0,12,25649401.257072,15,128,2,1,23111457.339784,86,112,0,12,24824920.070191,
21,1562423280,0.195000,48,128,3,1,21079931.498437,10,168,0,1,19369297.792405,20,132,0,1,20165343.081669,56,144,0,1,17841443.835731,55,176,0,1,19333764.516567,27,172,0,1,19698738.533588,33,152,0,1,18832163.031865,8,184,0,1,19436707.076122,49,164,0,1,19959556.407449,18,168,0,1,20636324.702766,64,132,0,12,23871889.097196,74,152,0,12,23209316.265570,11,140,0,1,21947455.363244,32,120,0,1,22913499.068308,68,136,0,12,21994244.167688,40,136,0,1,18770898.051727,47,152,0,1,20909732.813263,39,92,0,1,21944768.981261,80,92,0,12,25649359.655752,15,128,1,1,23111554.153592,86,108,0,12,24824980.692247,
21,1562423280,0.395000,48,128,2,1,21079877.681965,10,168,0,1,19369302.678466,20,132,0,1,20165420.770038,56,144,0,1,17841423.767980,55,176,0,1,19333869.497076,27,172,0,1,19698809.346572,33,152,0,1,18832059.168169,8,184,0,1,19436673.571704,49,164,0,1,19959419.597742,18,168,0,1,20636194.524142,64,132,0,12,23871803.660930,74,152,0,12,23209228.874879,11,140,0,1,21947309.549224,32,124,0,1,22913357.198038,68,136,0,12,21994266.678469,40,136,0,1,18770935.709297,47,152,0,1,20909816.155503,39,92,0,1,21944915.039584,80,92,0,12,25649315.960407,15,124,0,1,23111647.302854,86,108,0,12,24825034.438918,
21,1562423280,0.595000,48,128,2,1,21079826.692429,10,168,0,1,19369307.250423,20,132,0,1,20165498.632910,56,144,0,1,17841403.700230,55,176,0,1,19333974.477586,27,172,0,1,19698880.089754,33,152,0,1,18831955.095070,8,184,0,1,19436639.927684,49,164,0,1,19959282.788035,18,168,0,1,20636064.310617,64,132,0,12,23871718.085062,74,152,0,12,23209141.553990,11,140,0,1,21947163.700304,32,124,0,1,22913215.537170,68,136,0,12,21994289.224150,40,136,0,1,18770973.262166,47,152,0,1,20909899.288340,39,88,0,1,21945059.981092,80,92,0,12,25649274.393989,15,124,0,1,23111742.476342,86,108,0,12,24825096.142888,
21,1562423280,0.795000,48,124,2,1,21079773.643767,10,168,0,1,19369312.066683,20,132,0,1,20165576.425981,56,144,0,1,17841383.597579,55,176,0,1,19334079.423196,27,172,0,1,19698951.007439,33,152,0,1,18831851.196474,8,184,0,1,19436606.318565,49,160,0,1,19959146.048129,18,168,0,1,20635934.201793,64,132,0,12,23871632.613896,74,152,0,12,23209054.407602,11,140,0,1,21947017.746683,32,124,0,1,22913075.551523,68,136,0,12,21994311.700031,40,136,0,1,18771011.024437,47,152,0,1,20909982.456078,39,84,0,1,21945205.271605,80,92,0,12,25649231.222150,15,120,0,1,23111836.812219,86,108,0,12,24825156.834745,
21,1562423280,0.995000,48,124,2,1,21079721.467616,10,168,0,1,19369316.813142,20,132,0,1,20165654.253952,56,144,0,1,17841363.564729,55,176,0,1,19334184.264104,27,172,0,1,19699021.750622,33,148,0,1,18831747.262977,8,180,0,1,19436572.744346,49,160,0,1,19959009.238422,18,168,0,1,20635804.232572,64,132,0,12,23871547.003128,74,152,0,12,23208967.191414,11,140,0,1,21946871.723261,32,124,0,1,22912935.461175,68,136,0,12,21994334.210812,40,136,0,1,18771048.612206,47,156,0,1,20910065.519114,39,80,0,1,21945351.225226,80,92,0,12,25649187.701307,15,120,0,1,23111932.160209,86,112,0,12,24825213.722455,
21,1562423281,0.195000,48,124,2,1,21079669.047162,10,168,0,1,19369321.664303,20,132,0,1,20165731.977222,56,140,0,1,17841343.427178,55,176,0,1,19334289.209714,27,172,0,1,19699092.389104,33,148,0,1,18831643.364380,8,180,0,1,19436538.925824,49,160,0,1,19958872.393814,18,168,0,1,20635674.053947,64,136,0,12,23871461.462160,74,152,0,12,23208879.940325,11,140,0,1,21946725.560237,32,124,0,1,22912794.603018,68,136,0,12,21994357.000796,40,136,0,1,18771086.269776,47,156,0,1,20910148.582151,39,80,0,1,21945496.969445,80,92,0,12,25649143.656957,15,116,0,1,23112026.112181,86,112,0,12,24825274.658615,
21,1562423281,0.395000,48,124,2,1,21079615.789097,10,168,0,1,19369326.585264,20,132,0,1,20165809.770292,56,140,0,1,17841323.289626,55,176,0,1,19334394.120423,27,172,0,1,19699163.167187,33,152,0,1,18831539.395983,8,180,0,1,19436505.177103,49,160,0,1,19958735.479406,18,168,0,1,20635543.980024,64,136,0,12,23871375.816492,74,152,0,12,23208792.863739,11,140,0,1,21946579.571716,32,128,0,1,22912654.407968,68,136,0,12,21994379.686079,40,136,0,1,18771123.892445,47,156,0,1,20910231.680088,39,76,0,1,21945642.643862,80,92,0,12,25649100.659621,15,116,0,1,23112120.133954,86,112,0,12,24825330.394611,
21,1562423281,0.595000,48,124,2,1,21079563.089440,10,168,0,1,19369331.401524,20,132,0,1,20165887.668064,56,140,0,1,17841303.361478,55,176,0,1,19334498.996231,27,172,0,1,19699233.945270,33,152,0,1,18831435.532287,8,180,0,1,19436471.463282,49,160,0,1,19958598.599898,18,168,0,1,20635413.801400,64,136,0,12,23871290.170823,74,152,0,12,23208705.682451,11,140,0,1,21946433.687895,32,124,0,1,22912516.167343,68,136,0,12,21994402.231760,40,136,0,1,18771161.550015,47,156,0,1,20910314.743124,39,72,0,1,21945788.527683,80,92,0,12,25649056.266267,15,116,0,1,23112215.167840,86,112,0,12,24825391.121368,
21,1562423281,0.795000,48,124,2,1,21079510.599185,10,168,0,1,19369336.252685,20,136,0,1,20165965.391334,56,140,0,1,17841283.328628,55,176,0,1,19334604.011642,27,172,0,1,19699304.793154,33,152,0,1,18831331.528989,8,180,0,1,19436437.819262,49,160,0,1,19958461.790191,18,168,0,1,20635283.797278,64,136,0,12,23871204.664756,74,152,0,12,23208618.570964,11,140,0,1,21946287.594672,32,124,0,1,22912375.762891,68,132,0,12,21994424.463338,40,136,0,1,18771199.347187,47,156,0,1,20910398.050464,39,68,0,1,21945934.586005,80,92,0,12,25649011.698411,15,116,0,1,23112311.213839,86,112,0,12,24825449.230594,
21,1562423281,0.995000,48,124,2,1,21079458.353233,10,168,0,1,19369341.068945,20,136,0,1,20166043.324007,56,140,0,1,17841263.225977,55,176,0,1,19334709.061952,27,172,0,1,19699375.745739,33,152,0,1,18831227.595493,8,180,0,1,19436404.210143,49,160,0,1,19958325.015384,18,168,0,1,20635153.758255,64,136,0,12,23871119.437893,74,152,0,12,23208531.284975,11,140,0,1,21946141.710852,32,124,0,1,22912235.986647,68,132,0,12,21994447.043920,40,136,0,1,18771237.109458,47,156,0,1,20910481.183301,39,68,0,1,21946080.679228,80,92,0,12,25648967.758762,15,112,0,1,23112403.944296,86,112,0,12,24825508.666035,
21,1562423282,0.195000,48,124,2,1,21079404.187757,10,168,0,1,19369346.024807,20,136,0,1,20166121.186878,56,140,0,1,17841243.297828,55,176,0,1,19334814.007562,27,172,0,1,19699446.733225,33,152,0,1,18831123.801597,8,180,0,1,19436370.426521,49,160,0,1,19958188.310379,18,168,0,1,20635023.649432,64,136,0,12,23871034.245930,74,152,0,12,23208443.964085,11,136,0,1,21945995.652530,32,124,0,1,22912097.885624,68,132,0,12,21994469.694302,40,136,0,1,18771274.836829,47,156,0,1,20910564.211437,39,64,0,1,21946226.528148,80,92,0,12,25648923.749313,15,112,0,1,23112500.094995,86,112,0,12,24825569.602195,
21,1562423282,0.395000,48,124,2,1,21079350.336385,10,168,0,1,19369350.806166,20,136,0,1,20166199.084650,56,140,0,1,17841223.264978,55,176,0,1,19334918.953171,27,172,0,1,19699517.790512,33,152,0,1,18831019.937901,8,180,0,1,19436336.957004,49,164,0,1,19958051.361070,18,168,0,1,20634893.610409,64,136,0,12,23870948.739863,74,152,0,12,23208356.782797,11,136,0,1,21945849.594207,32,124,0,1,22911954.409934,68,132,0,12,21994492.274884,40,136,0,1,18771312.494399,47,156,0,1,20910647.379175,39,64,0,1,21946371.993163,80,96,0,12,25648880.088868,15,112,0,1,23112599.142431,86,112,0,12,24825629.526243,
21,1562423282,0.595000,48,104,2,1,21079296.066208,10,156,0,1,19369355.622426,20,124,0,1,20166277.122024,56,128,0,1,17841203.336830,55,152,0,1,19335023.898781,27,156,0,1,19699588.777997,33,128,0,1,18830916.074206,8,164,0,1,19436303.487486,49,140,0,1,19957914.656064,18,152,0,1,20634763.536486,64,124,0,12,23870863.094194,74,136,0,12,23208269.566609,11,128,0,1,21945703.815088,32,124,0,1,22911813.970582,68,120,0,12,21994514.750764,40,116,0,1,18771350.186869,47,136,0,1,20910730.616713,39,64,0,1,21946518.086386,80,96,0,12,25648837.510337,15,116,0,1,23112691.698386,86,116,0,12,24825689.205988,
21,1562423282,0.795000,48,104,2,1,21079245.146473,10,156,0,1,19369360.508487,20,124,0,1,20166354.426488,56,124,0,1,17841183.373781,55,152,0,1,19335128.844390,27,156,0,1,19699659.939985,33,128,0,1,18830812.350111,8,164,0,1,19436269.843466,49,140,0,1,19957777.985959,18,152,0,1,20634633.602165,64,124,0,12,23870777.692828,74,140,0,12,23208182.490023,11,124,0,1,21945557.966168,32,124,0,1,22911673.007723,68,120,0,12,21994537.505848,40,112,0,1,18771388.402846,47,132,0,1,20910813.854252,39,64,0,1,21946662.643990,80,96,0,12,25648794.024395,15,116,0,1,23112789.873311,86,112,0,12,24825749.095135,
21,1562423282,0.995000,48,104,2,1,21079194.191837,10,156,0,1,19369365.464349,20,120,0,1,20166431.312148,56,124,0,1,17841162.119415,55,152,0,1,19335233.824900,27,156,0,1,19699730.962371,33,128,0,1,18830708.556216,8,164,0,1,19436236.478650,49,136,0,1,19957641.315853,18,152,0,1,20634503.667844,64,124,0,12,23870692.291463,74,136,0,12,23208095.448337,11,124,0,1,21945410.267525,32,100,0,1,22911534.941600,68,120,0,12,21994560.365634,40,112,0,1,18771425.467108,47,132,0,1,20910897.266293,39,68,0,1,21946808.632511,80,96,0,12,25648750.329049,15,116,0,1,23112887.071024,86,112,0,12,24825809.507789,
21,1562423283,0.195000,48,104,2,1,21079141.980785,10,156,0,1,19369370.490012,20,120,0,1,20166506.033980,56,120,0,1,17841141.563059,55,152,0,1,19335338.910111,27,156,0,1,19699802.019658,33,128,0,1,18830604.797221,8,164,0,1,19436203.009132,49,136,0,1,19957504.506146,18,152,0,1,20634373.768423,64,124,0,12,23870606.785396,74,136,0,12,23208008.267049,11,124,0,1,21945266.338129,32,104,0,1,22911394.397546,68,120,0,12,21994583.399921,40,112,0,1,18771463.962289,47,132,0,1,20910980.678333,39,72,0,1,21946954.760635,80,92,0,12,25648707.227012,15,116,0,1,23112984.094235,86,112,0,12,24825869.013031,
20,1562423283,0.395000,48,104,2,1,21079089.874435,10,152,0,1,19369375.445874,20,120,0,1,20166582.535735,56,120,0,1,17841121.285906,55,152,0,1,19335443.890621,27,156,0,1,19699873.007144,33,128,0,1,18830501.108028,8,164,0,1,19436169.504714,49,136,0,1,19957367.801140,18,152,0,1,20634243.903902,64,120,0,12,23870521.209528,74,136,0,12,23207921.190462,11,124,0,1,21945119.407296,32,104,0,1,22911254.551501,68,120,0,12,21994604.933490,40,112,0,1,18771501.689659,47,132,0,1,20911064.020573,80,88,0,12,25648664.543779,15,116,0,1,23113083.490675,86,108,0,12,24825928.588075,
20,1562423283,0.595000,48,104,0,1,21079037.802985,10,152,0,1,19369380.401736,20,120,0,1,20166660.887212,56,120,0,1,17841103.137679,55,152,0,1,19335548.906032,27,156,0,1,19699944.134231,33,128,0,1,18830397.349033,8,164,0,1,19436136.139898,49,136,0,1,19957231.200836,18,152,0,1,20634114.004482,64,120,0,12,23870435.738362,74,136,0,12,23207833.939373,11,124,0,1,21944969.684428,32,104,0,1,22911114.914859,68,120,0,12,21994625.489846,40,112,0,1,18771539.556632,47,132,0,1,20911147.362813,80,88,0,12,25648621.441741,15,116,0,1,23113180.095080,86,108,0,12,24825988.442322,
21,1562423283,0.795000,48,100,0,1,21078984.161016,10,152,0,1,19369385.357597,20,120,0,1,20166741.891123,56,120,0,1,17841082.546422,55,152,0,1,19335654.130845,27,156,0,1,19700015.191518,33,128,0,1,18830293.659839,8,164,0,1,19436102.740181,49,140,0,1,19957094.740133,18,152,0,1,20633984.070160,64,124,0,12,23870350.232295,74,136,0,12,23207746.862787,11,128,0,1,21944826.941647,32,104,0,1,22910972.870087,68,116,0,12,21994648.314731,40,112,0,1,18771577.388704,47,128,0,1,20911230.739954,39,92,0,1,21947391.714087,80,84,0,12,25648578.339703,15,120,0,1,23113276.873988,86,104,0,12,24826047.877763,
21,1562423283,0.995000,48,100,0,1,21078931.566060,10,152,0,1,19369390.313459,20,120,0,1,20166818.602280,56,116,0,1,17841064.293495,55,148,0,1,19335759.320757,27,156,0,1,19700086.179004,33,128,0,1,18830190.005546,8,164,0,1,19436069.235763,49,140,0,1,19956958.104928,18,152,0,1,20633854.135839,64,124,0,12,23870264.970531,74,140,0,12,23207659.821101,11,128,0,1,21944683.326355,32,104,0,1,22910834.734163,68,116,0,12,21994669.883200,40,108,0,1,18771615.081174,47,128,0,1,20911314.256696,39,100,0,1,21947536.690496,80,84,0,12,25648534.993362,15,120,0,1,23113375.048913,86,104,0,12,24826107.452807,
21,1562423284,0.195000,48,100,0,1,21078879.738913,10,152,0,1,19369395.374022,20,120,0,1,20166900.862607,56,116,0,1,17841047.576186,55,148,0,1,19335864.510670,27,156,0,1,19700157.236290,33,128,0,1,18830086.176750,8,164,0,1,19436035.731345,49,136,0,1,19956821.365022,18,152,0,1,20633724.410920,64,124,0,12,23870179.604066,74,136,0,12,23207572.814315,11,128,0,1,21944538.280145,32,108,0,1,22910692.724291,68,116,0,12,21994691.800674,40,108,0,1,18771653.227350,47,128,0,1,20911397.459334,39,104,0,1,21947681.701805,80,80,0,12,25648491.542320,15,120,0,1,23113471.443916,86,104,0,12,24826167.935261,
21,1562423284,0.395000,48,100,0,1,21078826.655351,10,156,0,1,19369400.364785,20,120,0,1,20166977.643565,56,116,0,1,17841028.066843,55,148,0,1,19335969.595881,27,152,0,1,19700228.328477,33,128,0,1,18829982.417756,8,164,0,1,19436002.226927,49,136,0,1,19956684.799618,18,152,0,1,20633594.441699,64,120,0,12,23870094.307401,74,140,0,12,23207485.528326,11,128,0,1,21944390.965407,32,104,0,1,22910553.297051,68,116,0,12,21994713.822848,40,108,0,1,18771691.059422,47,128,0,1,20911480.801574,39,104,0,1,21947826.573513,80,76,0,12,25648448.021477,15,120,0,1,23113569.200035,86,100,0,12,24826227.405603,
21,1562423284,0.595000,48,100,0,1,21078774.234897,10,152,0,1,19369405.530049,20,120,0,1,20167054.494324,56,116,0,1,17841005.416460,55,148,0,1,19336074.750893,27,152,0,1,19700299.281063,33,128,0,1,18829878.798363,8,164,0,1,19435968.862111,49,136,0,1,19956548.094612,18,152,0,1,20633464.472477,64,120,0,12,23870008.626832,74,140,0,12,23207398.486640,11,128,0,1,21944243.336565,32,108,0,1,22910415.824236,68,116,0,12,21994736.996738,40,108,0,1,18771728.333087,47,128,0,1,20911564.178714,39,108,0,1,21947972.562035,80,76,0,12,25648404.849639,15,120,0,1,23113666.188346,86,100,0,12,24826288.271963,
21,1562423284,0.795000,48,100,0,1,21078721.535239,10,156,0,1,19369410.555712,20,120,0,1,20167134.730425,56,116,0,1,17840984.650701,55,148,0,1,19336179.975706,27,152,0,1,19700370.233648,33,128,0,1,18829775.178970,8,164,0,1,19435935.427493,49,136,0,1,19956411.459407,18,152,0,1,20633334.677757,64,120,0,12,23869923.260367,74,136,0,12,23207311.514755,11,128,0,1,21944098.464857,32,108,0,1,22910276.711100,68,116,0,12,21994761.182739,40,108,0,1,18771766.269861,47,132,0,1,20911647.590755,39,108,0,1,21948117.957249,80,68,0,12,25648361.887202,15,120,0,1,23113762.513548,86,100,0,12,24826347.288599,
21,1562423284,0.995000,48,100,0,1,21078668.486577,10,156,0,1,19369415.581374,20,120,0,1,20167213.535608,56,116,0,1,17840966.781678,55,148,0,1,19336284.956216,27,152,0,1,19700441.290935,33,128,0,1,18829671.559577,8,164,0,1,19435902.097577,49,136,0,1,19956274.824203,18,152,0,1,20633204.673635,64,120,0,12,23869838.068404,74,136,0,12,23207224.612670,11,128,0,1,21943951.778327,32,104,0,1,22910141.437012,68,116,0,12,21994783.833122,40,108,0,1,18771804.520738,47,132,0,1,20911731.037696,39,108,0,1,21948264.399476,80,64,0,12,25648318.505961,15,116,0,1,23113860.828074,86,100,0,12,24826405.432725,
21,1562423285,0.195000,48,100,0,1,21078615.403015,10,156,0,1,19369420.641938,20,120,0,1,20167289.897761,56,116,0,1,17840948.458949,55,148,0,1,19336390.041427,27,152,0,1,19700512.383122,33,128,0,1,18829567.940184,8,164,0,1,19435868.558259,49,136,0,1,19956138.119197,18,152,0,1,20633075.018517,64,116,0,12,23869751.689826,74,136,0,12,23207137.570984,11,128,0,1,21943805.754905,32,108,0,1,22910000.125149,68,120,0,12,21994804.563981,40,108,0,1,18771842.597113,47,132,0,1,20911814.589339,39,108,0,1,21948409.969192,80,64,0,12,25648276.660339,15,116,0,1,23113956.594869,86,100,0,12,24826464.972868,
21,1562423285,0.395000,48,100,0,1,21078563.052362,10,152,0,1,19369425.667600,20,120,0,1,20167367.481429,56,116,0,1,17840927.553588,55,148,0,1,19336495.126638,27,152,0,1,19700583.405508,33,128,0,1,18829464.355691,8,164,0,1,19435835.088741,49,136,0,1,19956001.414191,18,152,0,1,20632945.153997,64,120,0,12,23869665.939456,74,136,0,12,23207050.564199,11,128,0,1,21943661.057699,32,108,0,1,22909856.684359,68,120,0,12,21994823.410216,40,108,0,1,18771881.650700,47,132,0,1,20911898.106081,39,108,0,1,21948555.573809,80,64,0,12,25648233.977106,15,116,0,1,23114052.920071,86,100,0,12,24826524.129106,
21,1562423285,0.595000,48,100,0,1,21078509.619795,10,152,0,1,19369430.658363,20,120,0,1,20167447.438327,56,116,0,1,17840910.871180,55,148,0,1,19336600.316551,27,152,0,1,19700654.427894,33,128,0,1,18829360.736298,8,164,0,1,19435801.689025,49,136,0,1,19955864.988389,18,152,0,1,20632815.219676,64,120,0,12,23869575.023822,74,136,0,12,23206963.382911,11,124,0,1,21943513.777861,32,108,0,1,22909716.349708,68,120,0,12,21994848.643231,40,104,0,1,18771919.796876,47,132,0,1,20911981.657723,39,108,3,1,21948700.375716,80,60,0,12,25648190.979770,15,112,0,1,23114148.512364,86,96,0,12,24826583.390045,
21,1562423285,0.795000,48,100,0,1,21078456.885237,10,152,0,1,19369435.718926,20,120,0,1,20167529.279848,56,116,0,1,17840890.175222,55,148,0,1,19336705.401762,27,156,0,1,19700725.520081,33,128,0,1,18829257.256507,8,164,0,1,19435768.324208,49,136,0,1,19955728.492786,18,152,0,1,20632685.494757,64,120,0,12,23869494.438716,74,136,0,12,23206876.445926,11,124,0,1,21943369.010855,32,108,0,1,22909576.747966,68,120,0,12,21994873.631942,40,104,0,1,18771957.803451,47,132,0,1,20912065.209366,39,108,0,1,21948846.189736,80,60,0,12,25648148.331438,15,112,0,1,23114243.685852,86,96,0,12,24826642.895288,
21,1562423285,0.995000,48,100,0,1,21078404.918488,10,152,0,1,19369440.779489,20,120,0,1,20167604.490286,56,116,0,1,17840869.200060,55,148,0,1,19336810.521874,27,156,0,1,19700796.577368,33,128,0,1,18829153.672015,8,164,0,1,19435735.064093,49,136,0,1,19955591.822680,18,152,0,1,20632555.700037,64,120,0,12,23869406.280216,74,136,0,12,23206789.404240,11,124,0,1,21943224.453251,32,108,0,1,22909436.832120,68,120,0,12,21994896.701130,40,104,0,1,18771996.368432,47,132,0,1,20912148.761008,39,108,2,1,21948992.422560,80,60,0,12,25648105.683106,15,112,0,1,23114341.476872,86,96,0,12,24826703.133439,
21,1562423286,0.195000,48,100,0,1,21078352.881939,10,152,0,1,19369445.805152,20,120,0,1,20167682.981366,56,116,0,1,17840849.132310,55,148,0,1,19336915.711786,27,152,0,1,19700867.704455,33,128,0,1,18829050.052622,8,164,0,1,19435701.769078,49,136,0,1,19955455.187475,18,152,0,1,20632425.940218,64,120,0,12,23869322.937976,74,136,0,12,23206702.432355,11,128,0,1,21943078.255327,32,108,0,1,22909292.309417,68,120,0,12,21994920.712630,40,104,0,1,18772034.409907,47,132,0,1,20912232.242850,39,108,3,1,21949137.329168,80,60,0,12,25648062.964973,15,112,0,1,23114437.208766,86,100,0,12,24826763.371591,
21,1562423286,0.395000,48,100,0,1,21078300.531286,10,152,0,1,19369450.795914,20,120,0,1,20167761.577147,56,116,0,1,17840828.401451,55,148,0,1,19337020.796998,27,152,0,1,19700938.761742,33,128,0,1,18828946.433229,8,164,0,1,19435668.439162,49,136,0,1,19955318.761673,18,152,0,1,20632296.110598,64,120,0,12,23869239.700438,74,136,0,12,23206615.565171,11,128,0,1,21942933.942026,32,104,0,1,22909149.671337,68,120,0,12,21994936.731930,40,104,0,1,18772072.451381,47,132,0,1,20912315.585090,39,108,2,1,21949281.956573,80,60,0,12,25648020.177039,15,112,0,1,23114531.544643,86,96,0,12,24826825.005760,
21,1562423286,0.595000,48,100,0,1,21078247.133620,10,152,0,1,19369455.856477,20,116,0,1,20167841.603845,56,116,0,1,17840808.298800,55,148,0,1,19337126.056711,27,152,0,1,19701009.853929,33,128,0,1,18828842.778935,8,164,0,1,19435634.934744,49,136,0,1,19955182.231169,18,156,0,1,20632166.280978,64,120,0,12,23869155.660189,74,136,0,12,23206528.383883,11,128,0,1,21942788.756215,32,104,0,1,22909009.999794,68,120,0,12,21994962.313949,40,104,0,1,18772110.492856,47,132,0,1,20912398.927330,39,108,2,1,21949427.386688,80,60,0,12,25647977.005200,15,112,0,1,23114629.230962,86,96,0,12,24826884.964708,
21,1562423286,0.795000,48,100,0,1,21078194.433962,10,152,0,1,19369460.882140,20,120,0,1,20167921.805046,56,116,0,1,17840784.601405,55,148,0,1,19337231.176823,27,152,0,1,19701081.050818,33,128,0,1,18828739.194443,8,164,0,1,19435601.604828,49,132,0,1,19955045.700666,18,156,0,1,20632036.416458,64,120,0,12,23869070.956832,74,136,0,12,23206441.272396,11,128,0,1,21942642.697892,32,104,0,1,22908864.918684,68,120,0,12,21994985.801942,40,104,0,1,18772148.778634,47,132,0,1,20912482.444072,39,108,2,1,21949572.607400,80,60,0,12,25647933.868262,15,112,0,1,23114726.009870,86,96,0,12,24826944.539752,
21,1562423286,0.995000,48,124,0,1,21078142.013508,10,168,0,1,19369465.942703,20,132,0,1,20167998.167199,56,136,0,1,17840763.905446,55,176,0,1,19337336.296934,27,164,0,1,19701151.794000,33,148,0,1,18828635.575050,8,180,0,1,19435568.205111,49,156,0,1,19954909.170162,18,164,0,1,20631906.551937,64,132,0,12,23868986.183674,74,152,0,12,23206354.335411,11,136,0,1,21942495.243552,32,104,0,1,22908723.362518,68,132,0,12,21995005.032082,40,128,0,1,18772186.889909,47,152,0,1,20912565.786312,39,128,2,1,21949715.070977,80,48,0,12,25647890.521921,15,128,0,1,23114821.706864,86,96,0,12,24827004.568501,
21,1562423287,0.195000,48,124,0,1,21078091.268275,10,168,0,1,19369471.038166,20,132,0,1,20168078.228798,56,140,0,1,17840746.908934,55,176,0,1,19337441.417046,27,164,0,1,19701222.851287,33,152,0,1,18828532.025458,8,180,0,1,19435534.491291,49,156,0,1,19954772.534957,18,168,0,1,20631776.722317,64,132,0,12,23868899.490993,74,152,0,12,23206267.433327,11,136,0,1,21942349.045628,32,124,0,1,22908586.203806,68,132,0,12,21995034.243746,40,124,3,1,18772225.454890,47,152,0,1,20912649.268154,39,128,2,1,21949862.211213,80,52,0,12,25647847.629286,15,128,0,1,23114914.507122,86,96,0,12,24827066.970479,
21,1562423287,0.395000,48,124,3,1,21078038.429015,10,168,0,1,19369476.168530,20,132,0,1,20168157.417886,56,140,0,1,17840726.282777,55,176,0,1,19337546.572058,27,164,0,1,19701293.943474,33,148,0,1,18828428.231563,8,180,0,1,19435501.231176,49,160,0,1,19954635.969553,18,168,0,1,20631646.822897,64,132,0,12,23868810.250579,74,152,0,12,23206180.286940,11,140,0,1,21942205.569938,32,124,0,1,22908450.441112,68,132,0,12,21995053.264484,40,124,2,1,18772263.461465,47,156,0,1,20912732.575493,39,128,2,1,21950009.735354,80,56,0,12,25647804.178244,15,128,0,1,23115009.506107,86,100,0,12,24827124.660899,
21,1562423287,0.595000,48,124,2,1,21077987.823384,10,168,0,1,19369481.263994,20,136,0,1,20168233.291432,56,140,0,1,17840705.761321,55,176,0,1,19337651.657269,27,164,0,1,19701364.930960,33,152,0,1,18828324.472568,8,180,0,1,19435467.761658,49,160,0,1,19954499.334348,18,168,0,1,20631516.853675,64,132,0,12,23868730.642686,74,152,0,12,23206093.280154,11,140,0,1,21942061.884845,32,124,0,1,22908306.267413,68,132,0,12,21995074.483949,40,124,2,1,18772300.490827,47,156,0,1,20912815.987534,39,124,2,1,21950156.037980,80,60,0,12,25647760.657400,15,128,0,1,23115108.344141,86,100,0,12,24827184.689648,
21,1562423287,0.795000,48,120,2,1,21077934.460618,10,168,0,1,19369486.254756,20,136,0,1,20168309.688486,56,144,0,1,17840688.415805,55,176,0,1,19337756.812281,27,164,0,1,19701435.988246,33,148,0,1,18828220.818275,8,180,0,1,19435434.361941,49,160,0,1,19954362.629343,18,168,0,1,20631387.058955,64,132,0,12,23868643.810402,74,152,0,12,23206006.098866,11,140,0,1,21941914.535206,32,120,0,1,22908169.213403,68,132,0,12,21995098.949154,40,124,2,1,18772337.869193,47,156,0,1,20912899.504276,39,124,2,1,21950300.874787,80,60,0,12,25647718.358073,15,128,0,1,23115206.309663,86,104,1,12,24827244.474094,
21,1562423287,0.995000,48,120,2,1,21077880.923350,10,164,0,1,19369491.385120,20,132,0,1,20168385.247929,56,144,0,1,17840667.789647,55,176,0,1,19337861.967294,27,164,0,1,19701507.220035,33,148,0,1,18828116.989479,8,180,0,1,19435401.066926,49,164,0,1,19954225.959237,18,168,0,1,20631257.019933,64,132,0,12,23868555.931106,74,152,0,12,23205919.057180,11,140,0,1,21941766.766763,32,120,0,1,22908030.135168,68,132,0,12,21995122.472047,40,124,2,1,18772374.270347,47,156,0,1,20912983.090819,39,124,2,1,21950446.409603,80,60,0,12,25647675.325836,15,108,0,1,23115299.842830,86,104,0,12,24827304.014237,
21,1562423288,0.195000,48,120,2,1,21077829.166004,10,164,0,1,19369496.340982,20,132,0,1,20168462.203389,56,144,0,1,17840649.292416,55,176,0,1,19337967.017604,27,164,0,1,19701578.312222,33,148,0,1,18828013.230485,8,180,0,1,19435367.702109,49,164,0,1,19954089.324032,18,168,0,1,20631126.980910,64,132,0,12,23868469.168623,74,148,0,12,23205831.980594,11,140,0,1,21941620.359436,32,120,0,1,22907889.451512,68,132,0,12,21995152.556223,40,124,2,1,18772410.776203,47,156,0,1,20913066.502860,39,124,2,1,21950589.047683,80,60,0,12,25647631.176785,15,108,0,1,23115392.817590,86,104,0,12,24827362.681869,
21,1562423288,0.395000,48,116,2,1,21077776.536148,10,164,0,1,19369501.436446,20,132,0,1,20168543.312001,56,144,0,1,17840628.736060,55,176,0,1,19338072.102816,27,164,0,1,19701649.334608,33,152,0,1,18827909.611092,8,180,0,1,19435334.302393,49,164,0,1,19953952.688828,18,168,0,1,20630997.046589,64,132,0,12,23868382.929647,74,148,0,12,23205744.869107,11,140,0,1,21941474.754819,32,120,0,1,22907752.467303,68,132,0,12,21995175.346207,40,124,2,1,18772446.235045,47,156,0,1,20913149.845100,39,120,2,1,21950733.291182,80,60,0,12,25647587.272037,15,112,0,1,23115487.432671,86,108,0,12,24827421.489103,
21,1562423288,0.595000,48,116,2,1,21077725.476811,10,164,0,1,19369506.462108,20,132,0,1,20168620.232561,56,144,0,1,17840610.099227,55,176,0,1,19338177.292728,27,168,0,1,19701720.461696,33,152,0,1,18827806.026599,8,180,0,1,19435300.937576,49,164,0,1,19953816.088523,18,168,0,1,20630867.147168,64,132,0,12,23868298.540394,74,152,0,12,23205657.932122,11,140,0,1,21941329.324704,32,124,0,1,22907613.633371,68,132,0,12,21995197.752287,40,128,2,1,18772483.857715,47,148,0,1,20913233.257141,39,120,2,1,21950876.871574,80,60,0,12,25647543.297488,15,116,0,1,23115587.596921,86,108,0,12,24827480.575540,
21,1562423288,0.795000,48,116,2,1,21077674.487274,10,164,0,1,19369511.348169,20,132,0,1,20168698.514237,56,144,0,1,17840589.787174,55,176,0,1,19338282.552442,27,168,0,1,19701791.588783,33,152,0,1,18827702.511907,8,180,0,1,19435267.502959,49,164,0,1,19953679.488219,18,168,0,1,20630737.282648,64,132,0,12,23868216.454570,74,152,0,12,23205570.855535,11,140,0,1,21941182.812676,32,124,0,1,22907475.253144,68,132,0,12,21995223.962514,40,128,2,1,18772520.049466,47,152,0,1,20913316.494679,39,120,2,1,21951022.196987,80,60,0,12,25647499.776645,15,120,0,1,23115684.236226,86,108,0,12,24827540.010982,
21,1562423288,0.995000,48,116,2,1,21077620.670803,10,164,0,1,19369516.373832,20,132,0,1,20168774.946191,56,144,0,1,17840570.487233,55,176,0,1,19338387.602752,27,168,0,1,19701862.646070,33,152,0,1,18827598.892514,8,180,0,1,19435234.068342,49,164,0,1,19953542.748312,18,168,0,1,20630607.313426,64,132,0,12,23868124.387221,74,152,0,12,23205483.569546,11,140,0,1,21941037.801367,32,124,0,1,22907334.848692,68,132,0,12,21995245.077277,40,128,2,1,18772555.613010,47,152,0,1,20913399.941620,39,120,2,1,21951166.545188,80,60,0,12,25647457.931023,15,120,0,1,23115786.354901,86,108,0,12,24827599.655826,
21,1562423289,0.195000,48,116,2,1,21077565.423413,10,164,0,1,19369521.399495,20,132,0,1,20168850.470733,56,144,0,1,17840550.908089,55,176,0,1,19338492.687964,27,168,0,1,19701933.808058,33,152,0,1,18827495.308022,8,180,0,1,19435200.633725,49,164,0,1,19953406.182908,18,168,0,1,20630477.344204,64,132,0,12,23868042.824903,74,152,0,12,23205396.527860,11,148,0,1,21940893.697469,32,124,0,1,22907196.573167,68,136,0,12,21995268.076664,40,128,2,1,18772593.375281,47,156,0,1,20913483.423462,39,120,2,1,21951314.662637,80,60,0,12,25647414.898786,15,124,0,1,23115880.655877,86,108,0,12,24827659.684575,
21,1562423289,0.395000,48,116,2,1,21077513.247262,10,164,0,1,19369526.494958,20,128,0,1,20168927.635596,56,144,0,1,17840532.445758,55,176,0,1,19338597.773175,27,168,0,1,19702004.970046,33,152,0,1,18827391.618828,8,180,0,1,19435167.303809,49,164,0,1,19953269.512803,18,168,0,1,20630347.444783,64,132,0,12,23867961.157884,74,152,0,12,23205309.346572,11,140,0,1,21940748.441856,32,124,0,1,22907056.343217,68,136,0,12,21995291.494856,40,128,2,1,18772630.509345,47,156,0,1,20913566.765702,39,136,2,1,21951460.686059,80,60,0,12,25647372.075952,15,140,0,1,23115971.431910,86,112,0,12,24827720.725437,
21,1562423289,0.595000,48,112,2,1,21077461.664419,10,164,0,1,19369531.346119,20,128,0,1,20169006.405879,56,144,0,1,17840512.063904,55,176,0,1,19338702.963087,27,168,0,1,19702076.132034,33,152,0,1,18827287.894734,8,180,0,1,19435133.938993,49,164,0,1,19953132.947399,18,168,0,1,20630217.615163,64,132,0,12,23867870.870458,74,152,0,12,23205222.200185,11,140,0,1,21940602.697638,32,124,0,1,22906916.811276,68,120,0,12,21995313.028425,40,124,2,1,18772667.957512,47,156,0,1,20913650.212643,39,136,2,1,21951607.163186,80,60,0,12,25647329.392719,15,140,0,1,23116066.081891,86,112,0,12,24827779.462870,
21,1562423289,0.795000,48,112,2,1,21077411.233289,10,164,0,1,19369536.406682,20,144,0,1,20169087.235288,56,144,0,1,17840493.252569,55,176,0,1,19338808.118099,27,168,0,1,19702147.189321,33,148,0,1,18827184.310241,8,180,0,1,19435100.643977,49,164,0,1,19952996.277294,18,168,0,1,20630087.715742,64,132,0,12,23867787.737620,74,152,0,12,23205134.879295,11,140,0,1,21940456.464813,32,124,0,1,22906772.253672,68,120,0,12,21995329.152426,40,124,2,1,18772707.255402,47,156,0,1,20913733.729385,39,132,2,1,21951752.174496,80,64,0,12,25647288.524309,15,136,0,1,23116161.604383,86,112,0,12,24827839.072813,
21,1562423289,0.995000,48,108,2,1,21077359.231641,10,164,0,1,19369541.467245,20,140,0,1,20169165.691467,56,144,0,1,17840473.882828,55,172,0,1,19338913.203311,27,168,0,1,19702218.421109,33,148,0,1,18827080.760649,8,180,0,1,19435067.279161,49,164,0,1,19952859.537387,18,168,0,1,20629957.816322,64,132,0,12,23867699.160315,74,152,0,12,23205047.698007,11,140,0,1,21940311.558205,32,128,0,1,22906634.501653,68,120,0,12,21995348.940973,40,124,2,1,18772744.668669,47,156,0,1,20913817.315928,39,132,2,1,21951895.999190,80,64,0,12,25647246.399484,15,136,0,1,23116260.721620,86,112,0,12,24827898.438454,
21,1562423290,0.195000,48,108,2,1,21077311.034139,10,164,0,1,19369546.492908,20,132,0,1,20169245.578564,56,144,0,1,17840454.164082,55,176,0,1,19339018.393223,27,168,0,1,19702289.652898,33,148,0,1,18826977.071456,8,188,0,1,19435033.984145,49,160,0,1,19952722.937083,18,172,0,1,20629827.812199,64,132,0,12,23867618.994015,74,148,0,12,23204960.691222,11,140,0,1,21940164.871675,32,128,0,1,22906490.851461,68,120,0,12,21995371.451754,40,120,2,1,18772783.826958,47,156,0,1,20913900.867571,39,132,2,1,21952042.232015,80,72,0,12,25647203.576649,15,136,0,1,23116355.197098,86,112,0,12,24827957.315489,
21,1562423290,0.395000,48,104,0,1,21077257.671373,10,164,0,1,19369551.553471,20,132,0,1,20169322.952829,56,144,0,1,17840433.119119,55,176,0,1,19339123.443534,27,160,0,1,19702360.745085,33,148,0,1,18826873.452063,8,172,0,1,19435001.003234,49,160,0,1,19952586.127376,18,168,0,1,20629697.842978,64,132,0,12,23867532.371134,74,152,0,12,23204873.614635,11,140,0,1,21940019.232157,32,128,0,1,22906349.050992,68,116,0,12,21995395.358552,40,120,2,1,18772822.461740,47,156,0,1,20913984.454114,39,136,2,1,21952186.196311,80,76,0,12,25647160.230308,15,136,0,1,23116449.742378,86,112,0,12,24828017.239537,
21,1562423290,0.595000,48,100,0,1,21077204.901915,10,160,0,1,19369556.544233,20,132,0,1,20169399.349882,56,152,0,1,17840415.389698,55,172,0,1,19339228.633447,27,168,0,1,19702431.941974,33,148,0,1,18826769.902471,8,184,0,1,19434967.882721,49,156,0,1,19952449.561972,18,168,0,1,20629567.943557,64,132,0,12,23867446.690565,74,152,0,12,23204786.572949,11,148,0,1,21939873.627540,32,104,0,1,22906205.086695,68,136,0,12,21995427.013247,40,136,2,1,18772862.387838,47,156,0,1,20914068.040657,39,136,2,1,21952332.324435,80,76,0,12,25647116.255760,15,136,0,1,23116547.009892,86,112,0,12,24828075.627965,
21,1562423290,0.795000,48,100,0,1,21077148.502811,10,164,0,1,19369561.430294,20,132,0,1,20169478.643672,56,144,0,1,17840394.589038,55,180,0,1,19339333.823359,27,160,0,1,19702503.243563,33,148,0,1,18826666.422679,8,172,0,1,19434934.797108,49,156,0,1,19952312.961667,18,164,0,1,20629438.113937,64,136,0,12,23867364.011433,74,148,0,12,23204699.740666,11,148,0,1,21939728.022924,32,128,0,1,22906063.705031,68,148,0,12,21995450.082435,40,136,2,1,18772900.917919,47,156,0,1,20914151.417797,39,136,2,1,21952477.405545,80,76,0,12,25647073.642328,15,148,0,1,23116643.928401,86,112,0,12,24828136.319822,
21,1562423290,0.995000,48,96,0,1,21077095.838054,10,164,0,1,19369566.421057,20,132,0,1,20169554.028612,56,136,0,1,17840374.730690,55,176,0,1,19339439.048172,27,160,0,1,19702574.231049,33,152,0,1,18826562.803286,8,168,0,1,19434901.641694,49,172,0,1,19952176.466064,18,164,0,1,20629308.214516,64,120,0,12,23867276.516042,74,140,0,12,23204612.559378,11,148,0,1,21939582.348506,32,124,0,1,22905926.441618,68,148,0,12,21995475.978558,40,136,2,1,18772937.633177,47,148,0,1,20914234.969440,39,144,2,1,21952622.905461,80,76,0,12,25647030.749693,15,148,0,1,23116740.951612,86,112,0,12,24828196.906978,
21,1562423291,0.195000,48,96,0,1,21077041.253773,10,164,0,1,19369571.481620,20,128,0,1,20169632.624393,56,136,0,1,17840354.348836,55,176,0,1,19339544.133383,27,152,0,1,19702645.183634,33,144,0,1,18826459.183893,8,164,0,1,19434868.486280,49,168,0,1,19952039.865760,18,168,0,1,20629178.349996,64,88,0,12,23867184.553394,74,140,0,12,23204525.133787,11,148,0,1,21939436.604287,32,124,0,1,22905782.826326,68,144,0,12,21995498.594041,40,136,2,1,18772975.116244,47,148,0,1,20914318.590883,39,148,2,1,21952766.695255,80,72,0,12,25646987.612755,15,144,0,1,23116837.381515,86,112,0,12,24828254.527597,
21,1562423291,0.395000,48,96,0,1,21076987.611804,10,172,0,1,19369576.507282,20,128,0,1,20169710.871169,56,136,0,1,17840335.677103,55,172,0,1,19339649.393097,27,136,0,1,19702716.101319,33,144,0,1,18826355.494700,8,164,0,1,19434835.121464,49,164,0,1,19951903.195654,18,168,0,1,20629048.380774,64,92,0,12,23867103.758886,74,140,0,12,23204438.266603,11,148,0,1,21939290.755367,32,120,0,1,22905639.769441,68,136,0,12,21995516.951670,40,132,2,1,18773009.318671,47,148,0,1,20914401.933123,39,144,2,1,21952914.114694,80,76,0,12,25646944.650319,15,144,0,1,23116932.904007,86,112,0,12,24828314.556346,
